<?xml version="1.0" encoding="UTF-8"?>
<!DOCTYPE html PUBLIC "-//W3C//DTD XHTML 1.0 Transitional//EN"
    "http://www.w3.org/TR/xhtml1/DTD/xhtml1-transitional.dtd">
<html xmlns="http://www.w3.org/1999/xhtml" xml:lang="en" lang="en">
 <head>
  <title>
</title>
<meta http-equiv="Content-Type" content="text/html;charset=utf-8" />
  <meta name='ocr-system' content='tesseract 3.04.00' />
  <meta name='ocr-capabilities' content='ocr_page ocr_carea ocr_par ocr_line ocrx_word'/>
</head>
<body>
  <div class='ocr_page' id='page_1' title='image "./curarspicturaea01rollgoog_0058.png"; bbox 0 0 3176 5152; ppageno 0'>
   <div class='ocr_carea' id='block_1_1' title="bbox 826 431 985 498">
    <p class='ocr_par' dir='ltr' id='par_1_1' title="bbox 826 431 985 498">
     <span class='ocr_line' id='line_1_1' title="bbox 826 431 985 498; baseline -0.025 -12"><span class='ocrx_word' id='word_1_1' title='bbox 826 431 985 498; x_wconf 73' lang='lat'>..52-</span> 
     </span>
    </p>
   </div>
   <div class='ocr_carea' id='block_1_2' title="bbox 307 571 1563 1360">
    <p class='ocr_par' dir='ltr' id='par_1_2' title="bbox 347 571 1563 1126">
     <span class='ocr_line' id='line_1_2' title="bbox 347 571 1468 666; baseline -0.001 -19"><span class='ocrx_word' id='word_1_2' title='bbox 347 589 386 649; x_wconf 82' lang='lat' dir='ltr'>oe</span> <span class='ocrx_word' id='word_1_3' title='bbox 411 582 445 648; x_wconf 89' lang='lat' dir='ltr'>et</span> <span class='ocrx_word' id='word_1_4' title='bbox 473 572 643 656; x_wconf 76' lang='lat' dir='ltr'>circaea,</span> <span class='ocrx_word' id='word_1_5' title='bbox 669 573 706 644; x_wconf 91' lang='lat' dir='ltr'>in</span> <span class='ocrx_word' id='word_1_6' title='bbox 726 573 867 644; x_wconf 86' lang='lat' dir='ltr'>Naturae</span> <span class='ocrx_word' id='word_1_7' title='bbox 887 571 999 664; x_wconf 80' lang='lat' dir='ltr'>gretia</span> <span class='ocrx_word' id='word_1_8' title='bbox 1024 580 1059 645; x_wconf 91' lang='lat' dir='ltr'>et</span> <span class='ocrx_word' id='word_1_9' title='bbox 1085 573 1215 646; x_wconf 79' lang='lat' dir='ltr'>floride</span> <span class='ocrx_word' id='word_1_10' title='bbox 1241 571 1359 647; x_wconf 88' lang='lat' dir='ltr'>cordis</span> <span class='ocrx_word' id='word_1_11' title='bbox 1382 591 1468 666; x_wconf 84' lang='lat' dir='ltr'>pace</span> 
     </span>
     <span class='ocr_line' id='line_1_3' title="bbox 347 685 1468 783; baseline -0.002 -20"><span class='ocrx_word' id='word_1_12' title='bbox 347 699 502 783; x_wconf 85' lang='lat' dir='ltr'>captant.</span> <span class='ocrx_word' id='word_1_13' title='bbox 535 688 784 780; x_wconf 89' lang='lat' dir='ltr'>lnteltigeutiae</span> <span class='ocrx_word' id='word_1_14' title='bbox 812 685 932 758; x_wconf 80' lang='lat' dir='ltr'>minius</span> <span class='ocrx_word' id='word_1_15' title='bbox 959 687 1136 771; x_wconf 77' lang='lat' dir='ltr'><strong>studiosi,</strong></span> <span class='ocrx_word' id='word_1_16' title='bbox 1167 690 1205 760; x_wconf 94' lang='lat' dir='ltr'>io</span> <span class='ocrx_word' id='word_1_17' title='bbox 1235 689 1468 762; x_wconf 80' lang='lat' dir='ltr'>excutiendas</span> 
     </span>
     <span class='ocr_line' id='line_1_4' title="bbox 348 783 1563 896; baseline 0 -20"><span class='ocrx_word' id='word_1_18' title='bbox 348 813 486 878; x_wconf 86' lang='lat' dir='ltr'>naturae</span> <span class='ocrx_word' id='word_1_19' title='bbox 512 807 606 896; x_wconf 89' lang='lat' dir='ltr'>leges</span> <span class='ocrx_word' id='word_1_20' title='bbox 630 811 666 876; x_wconf 88' lang='lat' dir='ltr'>et</span> <span class='ocrx_word' id='word_1_21' title='bbox 692 803 814 875; x_wconf 87' lang='lat' dir='ltr'>doctas</span> <span class='ocrx_word' id='word_1_22' title='bbox 839 803 1057 893; x_wconf 82' lang='lat' dir='ltr'>qnaesb‘ones</span> <span class='ocrx_word' id='word_1_23' title='bbox 1079 824 1151 876; x_wconf 92' lang='lat' dir='ltr'>nou</span> <span class='ocrx_word' id='word_1_24' title='bbox 1176 806 1405 887; x_wconf 89' lang='lat' dir='ltr'>incumbunt,</span> <span class='ocrx_word' id='word_1_25' title='bbox 1429 813 1467 876; x_wconf 91' lang='lat' dir='ltr'>ut</span> <span class='ocrx_word' id='word_1_26' title='bbox 1562 783 1563 798; x_wconf 18' lang='grc' dir='ltr'><strong><em>Ν</em></strong></span> 
     </span>
     <span class='ocr_line' id='line_1_5' title="bbox 349 920 1467 1012; baseline 0.001 -22"><span class='ocrx_word' id='word_1_27' title='bbox 349 923 530 994; x_wconf 85' lang='lat' dir='ltr'>veritatem</span> <span class='ocrx_word' id='word_1_28' title='bbox 554 921 712 992; x_wconf 78' lang='lat' dir='ltr'><strong>sentiant</strong></span> <span class='ocrx_word' id='word_1_29' title='bbox 735 928 770 992; x_wconf 90' lang='lat' dir='ltr'>et</span> <span class='ocrx_word' id='word_1_30' title='bbox 797 920 1008 1011; x_wconf 80' lang='lat' dir='ltr'>possideant</span> <span class='ocrx_word' id='word_1_31' title='bbox 1037 945 1045 991; x_wconf 91' lang='lat'>:</span> <span class='ocrx_word' id='word_1_32' title='bbox 1075 922 1214 994; x_wconf 89' lang='lat' dir='ltr'>malunt</span> <span class='ocrx_word' id='word_1_33' title='bbox 1240 922 1302 993; x_wconf 79' lang='lat' dir='ltr'>illa</span> <span class='ocrx_word' id='word_1_34' title='bbox 1328 922 1467 1012; x_wconf 92' lang='lat' dir='ltr'>simpli·</span> 
     </span>
     <span class='ocr_line' id='line_1_6' title="bbox 347 1034 1070 1126; baseline -0.008 -17"><span class='ocrx_word' id='word_1_35' title='bbox 347 1039 446 1122; x_wconf 81' lang='lat' dir='ltr'>citer,</span> <span class='ocrx_word' id='word_1_36' title='bbox 469 1037 576 1108; x_wconf 91' lang='lat' dir='ltr'>simul</span> <span class='ocrx_word' id='word_1_37' title='bbox 598 1043 632 1108; x_wconf 92' lang='lat' dir='ltr'>et</span> <span class='ocrx_word' id='word_1_38' title='bbox 652 1036 877 1126; x_wconf 71' lang='lat' dir='ltr'>cogitationis</span> <span class='ocrx_word' id='word_1_39' title='bbox 899 1054 967 1106; x_wconf 92' lang='lat' dir='ltr'>usu</span> <span class='ocrx_word' id='word_1_40' title='bbox 988 1034 1070 1106; x_wconf 88' lang='lat' dir='ltr'>irui.</span> 
     </span>
    </p>

    <p class='ocr_par' dir='ltr' id='par_1_3' title="bbox 307 1143 1467 1360">
     <span class='ocr_line' id='line_1_7' title="bbox 307 1143 1466 1224; baseline -0.002 0"><span class='ocrx_word' id='word_1_41' title='bbox 307 1143 309 1148; x_wconf 72' lang='grc'><em>’</em></span> <span class='ocrx_word' id='word_1_42' title='bbox 397 1153 593 1224; x_wconf 86' lang='lat' dir='ltr'>Perusinus</span> <span class='ocrx_word' id='word_1_43' title='bbox 609 1169 751 1222; x_wconf 89' lang='lat' dir='ltr'>omnem</span> <span class='ocrx_word' id='word_1_44' title='bbox 770 1150 881 1220; x_wconf 85' lang='lat' dir='ltr'>animi</span> <span class='ocrx_word' id='word_1_45' title='bbox 902 1151 971 1220; x_wconf 88' lang='lat' dir='ltr'>vim</span> <span class='ocrx_word' id='word_1_46' title='bbox 990 1150 1036 1220; x_wconf 86' lang='lat' dir='ltr'>ad</span> <span class='ocrx_word' id='word_1_47' title='bbox 1052 1151 1133 1222; x_wconf 85' lang='lat' dir='ltr'>ritae</span> <span class='ocrx_word' id='word_1_48' title='bbox 1150 1151 1336 1224; x_wconf 86' lang='lat' dir='ltr'>commoda</span> <span class='ocrx_word' id='word_1_49' title='bbox 1352 1159 1386 1224; x_wconf 89' lang='lat' dir='ltr'>et</span> <span class='ocrx_word' id='word_1_50' title='bbox 1405 1169 1466 1223; x_wconf 94' lang='lat' dir='ltr'>ne·</span> 
     </span>
     <span class='ocr_line' id='line_1_8' title="bbox 348 1266 1467 1360; baseline -0.002 -20"><span class='ocrx_word' id='word_1_51' title='bbox 348 1269 442 1360; x_wconf 89' lang='lat' dir='ltr'>gotia</span> <span class='ocrx_word' id='word_1_52' title='bbox 462 1275 597 1346; x_wconf 88' lang='lat' dir='ltr'>serrat;</span> <span class='ocrx_word' id='word_1_53' title='bbox 616 1268 654 1337; x_wconf 87' lang='lat' dir='ltr'>in</span> <span class='ocrx_word' id='word_1_54' title='bbox 678 1274 751 1337; x_wconf 87' lang='lat' dir='ltr'>arte</span> <span class='ocrx_word' id='word_1_55' title='bbox 770 1273 888 1336; x_wconf 90' lang='lat' dir='ltr'>autem</span> <span class='ocrx_word' id='word_1_56' title='bbox 907 1266 1106 1356; x_wconf 88' lang='lat' dir='ltr'>voluptario</span> <span class='ocrx_word' id='word_1_57' title='bbox 1127 1267 1289 1358; x_wconf 91' lang='lat' dir='ltr'>languori</span> <span class='ocrx_word' id='word_1_58' title='bbox 1305 1285 1384 1339; x_wconf 88' lang='lat' dir='ltr'>sese</span> <span class='ocrx_word' id='word_1_59' title='bbox 1400 1275 1467 1338; x_wconf 87' lang='lat' dir='ltr'>tra·</span> 
     </span>
    </p>
   </div>
   <div class='ocr_carea' id='block_1_3' title="bbox 348 1379 1468 1587">
    <p class='ocr_par' dir='ltr' id='par_1_4' title="bbox 348 1379 1468 1587">
     <span class='ocr_line' id='line_1_9' title="bbox 348 1379 1468 1473; baseline 0 -20"><span class='ocrx_word' id='word_1_60' title='bbox 348 1382 401 1456; x_wconf 94' lang='lat' dir='ltr'>dit</span> <span class='ocrx_word' id='word_1_61' title='bbox 430 1408 438 1454; x_wconf 91' lang='lat'>:</span> <span class='ocrx_word' id='word_1_62' title='bbox 468 1383 617 1473; x_wconf 86' lang='lat' dir='ltr'>pulcbra</span> <span class='ocrx_word' id='word_1_63' title='bbox 643 1390 678 1454; x_wconf 90' lang='lat' dir='ltr'>et</span> <span class='ocrx_word' id='word_1_64' title='bbox 705 1379 809 1451; x_wconf 86' lang='lat' dir='ltr'>iirma</span> <span class='ocrx_word' id='word_1_65' title='bbox 834 1381 1058 1459; x_wconf 64' lang='lat' dir='ltr'>collabenti</span> <span class='ocrx_word' id='word_1_66' title='bbox 1084 1381 1236 1453; x_wconf 90' lang='lat' dir='ltr'>somniis</span> <span class='ocrx_word' id='word_1_67' title='bbox 1261 1399 1401 1454; x_wconf 81' lang='lat' dir='ltr'>necnon</span> <span class='ocrx_word' id='word_1_68' title='bbox 1433 1390 1468 1453; x_wconf 90' lang='lat' dir='ltr'>et</span> 
     </span>
     <span class='ocr_line' id='line_1_10' title="bbox 348 1495 1468 1587; baseline -0.001 -19"><span class='ocrx_word' id='word_1_69' title='bbox 348 1497 500 1569; x_wconf 83' lang='lat' dir='ltr'>libidine</span> <span class='ocrx_word' id='word_1_70' title='bbox 521 1496 675 1587; x_wconf 87' lang='lat' dir='ltr'>pertusi,</span> <span class='ocrx_word' id='word_1_71' title='bbox 698 1495 807 1566; x_wconf 76' lang='lat' dir='ltr'>fuscae</span> <span class='ocrx_word' id='word_1_72' title='bbox 826 1502 861 1565; x_wconf 89' lang='lat' dir='ltr'>ct</span> <span class='ocrx_word' id='word_1_73' title='bbox 881 1496 984 1583; x_wconf 84' lang='lat' dir='ltr'>quasi</span> <span class='ocrx_word' id='word_1_74' title='bbox 1004 1504 1139 1567; x_wconf 87' lang='lat' dir='ltr'>auratae</span> <span class='ocrx_word' id='word_1_75' title='bbox 1161 1515 1310 1576; x_wconf 87' lang='lat' dir='ltr'>manus,-</span> <span class='ocrx_word' id='word_1_76' title='bbox 1335 1502 1468 1568; x_wconf 75' lang='lat' dir='ltr'>tenerae</span> 
     </span>
    </p>
   </div>
   <div class='ocr_carea' id='block_1_4' title="bbox 251 1611 1466 1703">
    <p class='ocr_par' dir='ltr' id='par_1_5' title="bbox 251 1611 1466 1703">
     <span class='ocr_line' id='line_1_11' title="bbox 251 1611 1466 1703; baseline -0.003 -17"><span class='ocrx_word' id='word_1_77' title='bbox 251 1635 253 1640; x_wconf 90' lang='lat'>·</span> <span class='ocrx_word' id='word_1_78' title='bbox 348 1620 382 1685; x_wconf 92' lang='lat' dir='ltr'>et</span> <span class='ocrx_word' id='word_1_79' title='bbox 415 1612 572 1683; x_wconf 79' lang='lat' dir='ltr'>odorata</span> <span class='ocrx_word' id='word_1_80' title='bbox 606 1629 731 1682; x_wconf 87' lang='lat' dir='ltr'>carnes</span> <span class='ocrx_word' id='word_1_81' title='bbox 762 1629 852 1700; x_wconf 83' lang='lat' dir='ltr'>quas</span> <span class='ocrx_word' id='word_1_82' title='bbox 882 1618 1073 1700; x_wconf 88' lang='lat' dir='ltr'>argenteus</span> <span class='ocrx_word' id='word_1_83' title='bbox 1103 1630 1228 1703; x_wconf 88' lang='lat' dir='ltr'>vesper</span> <span class='ocrx_word' id='word_1_84' title='bbox 1256 1618 1319 1683; x_wconf 89' lang='lat' dir='ltr'>aut</span> <span class='ocrx_word' id='word_1_85' title='bbox 1348 1611 1466 1683; x_wconf 87' lang='lat' dir='ltr'>virens</span> 
     </span>
    </p>
   </div>
   <div class='ocr_carea' id='block_1_5' title="bbox 344 1725 1466 2058">
    <p class='ocr_par' dir='ltr' id='par_1_6' title="bbox 344 1725 1466 2058">
     <span class='ocr_line' id='line_1_12' title="bbox 348 1725 1464 1819; baseline -0.002 -19"><span class='ocrx_word' id='word_1_86' title='bbox 348 1728 579 1818; x_wconf 85' lang='lat' dir='ltr'>crepusculus</span> <span class='ocrx_word' id='word_1_87' title='bbox 603 1725 741 1816; x_wconf 74' lang='lat' dir='ltr'>liquidi</span> <span class='ocrx_word' id='word_1_88' title='bbox 761 1727 838 1797; x_wconf 90' lang='lat' dir='ltr'>luce</span> <span class='ocrx_word' id='word_1_89' title='bbox 860 1725 980 1815; x_wconf 85' lang='lat' dir='ltr'>tingit,</span> <span class='ocrx_word' id='word_1_90' title='bbox 1002 1727 1078 1798; x_wconf 86' lang='lat' dir='ltr'>haec</span> <span class='ocrx_word' id='word_1_91' title='bbox 1097 1727 1195 1799; x_wconf 89' lang='lat' dir='ltr'>illius</span> <span class='ocrx_word' id='word_1_92' title='bbox 1216 1727 1464 1819; x_wconf 87' lang='lat' dir='ltr'>cogitationem</span> 
     </span>
     <span class='ocr_line' id='line_1_13' title="bbox 348 1841 1465 1932; baseline 0.001 -18"><span class='ocrx_word' id='word_1_93' title='bbox 348 1843 645 1915; x_wconf 88' lang='lat' dir='ltr'>circumscribunt</span> <span class='ocrx_word' id='word_1_94' title='bbox 670 1850 704 1913; x_wconf 90' lang='lat' dir='ltr'>et</span> <span class='ocrx_word' id='word_1_95' title='bbox 727 1841 887 1912; x_wconf 89' lang='lat' dir='ltr'>animum</span> <span class='ocrx_word' id='word_1_96' title='bbox 914 1842 1071 1931; x_wconf 87' lang='lat' dir='ltr'>explent.</span> <span class='ocrx_word' id='word_1_97' title='bbox 1092 1844 1292 1932; x_wconf 81' lang='lat' dir='ltr'>sequentes</span> <span class='ocrx_word' id='word_1_98' title='bbox 1311 1842 1465 1915; x_wconf 86' lang='lat' dir='ltr'>artifices</span> 
     </span>
     <span class='ocr_line' id='line_1_14' title="bbox 344 1956 1466 2058; baseline 0.001 -29"><span class='ocrx_word' id='word_1_99' title='bbox 344 1959 495 2050; x_wconf 88' lang='lat' dir='ltr'>juvenili</span> <span class='ocrx_word' id='word_1_100' title='bbox 516 1958 642 2030; x_wconf 87' lang='lat' dir='ltr'>ardore</span> <span class='ocrx_word' id='word_1_101' title='bbox 658 1963 805 2046; x_wconf 87' lang='lat' dir='ltr'>superat</span> <span class='ocrx_word' id='word_1_102' title='bbox 821 1974 892 2045; x_wconf 85' lang='lat' dir='ltr'>quo</span> <span class='ocrx_word' id='word_1_103' title='bbox 910 1956 999 2026; x_wconf 90' lang='lat' dir='ltr'>nitet</span> <span class='ocrx_word' id='word_1_104' title='bbox 1014 1956 1095 2037; x_wconf 83' lang='lat' dir='ltr'>ista,</span> <span class='ocrx_word' id='word_1_105' title='bbox 1115 1965 1153 2028; x_wconf 87' lang='lat' dir='ltr'>ut</span> <span class='ocrx_word' id='word_1_106' title='bbox 1171 1957 1220 2029; x_wconf 81' lang='lat' dir='ltr'>tta</span> <span class='ocrx_word' id='word_1_107' title='bbox 1239 1957 1369 2040; x_wconf 85' lang='lat' dir='ltr'>dicam,</span> <span class='ocrx_word' id='word_1_108' title='bbox 1392 1977 1466 2058; x_wconf 82' lang='lat' dir='ltr'>cor·</span> 
     </span>
    </p>
   </div>
   <div class='ocr_carea' id='block_1_6' title="bbox 231 2070 1462 2164">
    <p class='ocr_par' dir='ltr' id='par_1_7' title="bbox 231 2070 1462 2164">
     <span class='ocr_line' id='line_1_15' title="bbox 231 2070 1462 2164; baseline -0.002 -17"><span class='ocrx_word' id='word_1_109' title='bbox 231 2137 235 2147; x_wconf 91' lang='lat'><em>.</em></span> <span class='ocrx_word' id='word_1_110' title='bbox 348 2073 404 2146; x_wconf 93' lang='lat' dir='ltr'>dis</span> <span class='ocrx_word' id='word_1_111' title='bbox 429 2072 601 2164; x_wconf 88' lang='lat' dir='ltr'>cupedia;</span> <span class='ocrx_word' id='word_1_112' title='bbox 625 2071 792 2144; x_wconf 92' lang='lat' dir='ltr'>sedilios</span> <span class='ocrx_word' id='word_1_113' title='bbox 816 2070 1052 2162; x_wconf 78' lang='lat' dir='ltr'>praenuntiat,</span> <span class='ocrx_word' id='word_1_114' title='bbox 1075 2072 1256 2162; x_wconf 86' lang='lat' dir='ltr'>etiamque</span> <span class='ocrx_word' id='word_1_115' title='bbox 1274 2073 1320 2144; x_wconf 86' lang='lat' dir='ltr'>ed</span> <span class='ocrx_word' id='word_1_116' title='bbox 1341 2091 1462 2144; x_wconf 84' lang='lat' dir='ltr'>erem·</span> 
     </span>
    </p>
   </div>
   <div class='ocr_carea' id='block_1_7' title="bbox 344 2185 1468 4582">
    <p class='ocr_par' dir='ltr' id='par_1_8' title="bbox 347 2185 1468 2492">
     <span class='ocr_line' id='line_1_16' title="bbox 348 2185 1465 2280; baseline -0.003 -20"><span class='ocrx_word' id='word_1_117' title='bbox 348 2191 446 2280; x_wconf 91' lang='lat' dir='ltr'>plum</span> <span class='ocrx_word' id='word_1_118' title='bbox 468 2207 573 2258; x_wconf 92' lang='lat' dir='ltr'>suum</span> <span class='ocrx_word' id='word_1_119' title='bbox 596 2194 706 2264; x_wconf 86' lang='lat' dir='ltr'>vocat,</span> <span class='ocrx_word' id='word_1_120' title='bbox 730 2204 861 2275; x_wconf 82' lang='lat' dir='ltr'>quum,</span> <span class='ocrx_word' id='word_1_121' title='bbox 885 2185 1111 2276; x_wconf 81' lang='lat' dir='ltr'>vergentibus</span> <span class='ocrx_word' id='word_1_122' title='bbox 1131 2187 1259 2272; x_wconf 86' lang='lat' dir='ltr'>aunis,</span> <span class='ocrx_word' id='word_1_123' title='bbox 1278 2188 1323 2258; x_wconf 87' lang='lat' dir='ltr'>ad</span> <span class='ocrx_word' id='word_1_124' title='bbox 1345 2188 1465 2278; x_wconf 86' lang='lat' dir='ltr'>vulga-</span> 
     </span>
     <span class='ocr_line' id='line_1_17' title="bbox 348 2300 1465 2395; baseline -0.001 -20"><span class='ocrx_word' id='word_1_125' title='bbox 348 2323 404 2376; x_wconf 88' lang='lat' dir='ltr'>res</span> <span class='ocrx_word' id='word_1_126' title='bbox 426 2303 624 2395; x_wconf 90' lang='lat' dir='ltr'>priscarum</span> <span class='ocrx_word' id='word_1_127' title='bbox 652 2301 787 2372; x_wconf 85' lang='lat' dir='ltr'>riarum</span> <span class='ocrx_word' id='word_1_128' title='bbox 816 2309 851 2372; x_wconf 88' lang='lat' dir='ltr'>et</span> <span class='ocrx_word' id='word_1_129' title='bbox 878 2300 1057 2372; x_wconf 88' lang='lat' dir='ltr'>rationum</span> <span class='ocrx_word' id='word_1_130' title='bbox 1083 2321 1229 2375; x_wconf 87' lang='lat' dir='ltr'>suerum</span> <span class='ocrx_word' id='word_1_131' title='bbox 1259 2301 1465 2376; x_wconf 70' lang='lat' dir='ltr'>iterationes</span> 
     </span>
     <span class='ocr_line' id='line_1_18' title="bbox 347 2406 1468 2492; baseline -0.006 -3"><span class='ocrx_word' id='word_1_132' title='bbox 347 2421 509 2492; x_wconf 83' lang='lat' dir='ltr'>recurrit.</span> <span class='ocrx_word' id='word_1_133' title='bbox 1465 2406 1468 2411; x_wconf 78' lang='grc'><strong>’</strong></span> 
     </span>
    </p>

    <p class='ocr_par' dir='ltr' id='par_1_9' title="bbox 346 2532 1465 3201">
     <span class='ocr_line' id='line_1_19' title="bbox 396 2532 1460 2623; baseline 0.001 -19"><span class='ocrx_word' id='word_1_134' title='bbox 396 2534 647 2613; x_wconf 85' lang='lat' dir='ltr'>Pinturiccius‚</span> <span class='ocrx_word' id='word_1_135' title='bbox 677 2532 852 2604; x_wconf 90' lang='lat' dir='ltr'>Perusino</span> <span class='ocrx_word' id='word_1_136' title='bbox 879 2532 1059 2623; x_wconf 89' lang='lat' dir='ltr'>copiosior</span> <span class='ocrx_word' id='word_1_137' title='bbox 1087 2551 1152 2606; x_wconf 89' lang='lat' dir='ltr'>nee</span> <span class='ocrx_word' id='word_1_138' title='bbox 1177 2551 1249 2606; x_wconf 93' lang='lat' dir='ltr'>nou</span> <span class='ocrx_word' id='word_1_139' title='bbox 1279 2543 1314 2607; x_wconf 91' lang='lat' dir='ltr'>et</span> <span class='ocrx_word' id='word_1_140' title='bbox 1337 2535 1460 2614; x_wconf 85' lang='lat' dir='ltr'>levior,</span> 
     </span>
     <span class='ocr_line' id='line_1_20' title="bbox 347 2648 1465 2730; baseline 0 -10"><span class='ocrx_word' id='word_1_141' title='bbox 347 2648 534 2722; x_wconf 83' lang='lat' dir='ltr'>remissius</span> <span class='ocrx_word' id='word_1_142' title='bbox 552 2651 657 2721; x_wconf 89' lang='lat' dir='ltr'>etiam</span> <span class='ocrx_word' id='word_1_143' title='bbox 676 2648 721 2720; x_wconf 89' lang='lat' dir='ltr'>ad</span> <span class='ocrx_word' id='word_1_144' title='bbox 739 2666 911 2719; x_wconf 90' lang='lat' dir='ltr'>sensuum</span> <span class='ocrx_word' id='word_1_145' title='bbox 933 2648 1080 2720; x_wconf 83' lang='lat' dir='ltr'>ductum</span> <span class='ocrx_word' id='word_1_146' title='bbox 1099 2648 1265 2730; x_wconf 64' lang='lat' dir='ltr'>deditum</span> <span class='ocrx_word' id='word_1_147' title='bbox 1288 2649 1326 2721; x_wconf 93' lang='lat' dir='ltr'>in</span> <span class='ocrx_word' id='word_1_148' title='bbox 1347 2656 1465 2721; x_wconf 90' lang='lat' dir='ltr'>mente</span> 
     </span>
     <span class='ocr_line' id='line_1_21' title="bbox 347 2762 1465 2854; baseline -0.001 -19"><span class='ocrx_word' id='word_1_149' title='bbox 347 2766 438 2854; x_wconf 72' lang='lat' dir='ltr'>elus,</span> <span class='ocrx_word' id='word_1_150' title='bbox 461 2764 597 2854; x_wconf 89' lang='lat' dir='ltr'>species</span> <span class='ocrx_word' id='word_1_151' title='bbox 618 2763 772 2852; x_wconf 85' lang='lat' dir='ltr'>speciem</span> <span class='ocrx_word' id='word_1_152' title='bbox 788 2763 918 2851; x_wconf 91' lang='lat' dir='ltr'>pellit:</span> <span class='ocrx_word' id='word_1_153' title='bbox 943 2762 1048 2833; x_wconf 93' lang='lat' dir='ltr'>nitidi</span> <span class='ocrx_word' id='word_1_154' title='bbox 1071 2763 1221 2844; x_wconf 80' lang='lat' dir='ltr'>colores,</span> <span class='ocrx_word' id='word_1_155' title='bbox 1245 2762 1368 2835; x_wconf 89' lang='lat' dir='ltr'>blandi</span> <span class='ocrx_word' id='word_1_156' title='bbox 1387 2783 1465 2853; x_wconf 76' lang='lat' dir='ltr'>ges</span> 
     </span>
     <span class='ocr_line' id='line_1_22' title="bbox 347 2877 1463 2969; baseline -0.004 -17"><span class='ocrx_word' id='word_1_157' title='bbox 347 2886 419 2959; x_wconf 88' lang='lat' dir='ltr'>tus,</span> <span class='ocrx_word' id='word_1_158' title='bbox 441 2887 539 2969; x_wconf 88' lang='lat' dir='ltr'>grata</span> <span class='ocrx_word' id='word_1_159' title='bbox 559 2878 775 2968; x_wconf 80' lang='lat' dir='ltr'>negligentia</span> <span class='ocrx_word' id='word_1_160' title='bbox 796 2877 908 2947; x_wconf 87' lang='lat' dir='ltr'>tacitis</span> <span class='ocrx_word' id='word_1_161' title='bbox 930 2885 964 2948; x_wconf 89' lang='lat' dir='ltr'>et</span> <span class='ocrx_word' id='word_1_162' title='bbox 985 2879 1170 2950; x_wconf 79' lang='lat' dir='ltr'>oblectatae</span> <span class='ocrx_word' id='word_1_163' title='bbox 1184 2879 1265 2950; x_wconf 83' lang='lat' dir='ltr'>vitae</span> <span class='ocrx_word' id='word_1_164' title='bbox 1280 2878 1463 2950; x_wconf 84' lang='lat' dir='ltr'>cerebrum</span> 
     </span>
     <span class='ocr_line' id='line_1_23' title="bbox 347 2992 1462 3088; baseline -0.001 -23"><span class='ocrx_word' id='word_1_165' title='bbox 347 2995 458 3076; x_wconf 90' lang='lat' dir='ltr'>istud,</span> <span class='ocrx_word' id='word_1_166' title='bbox 486 3003 656 3084; x_wconf 83' lang='lat' dir='ltr'>tanquam</span> <span class='ocrx_word' id='word_1_167' title='bbox 681 2993 776 3074; x_wconf 88' lang='lat' dir='ltr'>uvis,</span> <span class='ocrx_word' id='word_1_168' title='bbox 801 2992 957 3064; x_wconf 86' lang='lat' dir='ltr'>vividum</span> <span class='ocrx_word' id='word_1_169' title='bbox 983 2999 1018 3064; x_wconf 87' lang='lat' dir='ltr'>et</span> <span class='ocrx_word' id='word_1_170' title='bbox 1044 3013 1193 3066; x_wconf 83' lang='lat' dir='ltr'>vacuum</span> <span class='ocrx_word' id='word_1_171' title='bbox 1217 3002 1251 3066; x_wconf 89' lang='lat' dir='ltr'>ct</span> <span class='ocrx_word' id='word_1_172' title='bbox 1275 3002 1462 3088; x_wconf 88' lang='lat' dir='ltr'>venustum</span> 
     </span>
     <span class='ocr_line' id='line_1_24' title="bbox 346 3111 540 3201; baseline -0.01 -18"><span class='ocrx_word' id='word_1_173' title='bbox 346 3111 540 3201; x_wconf 90' lang='lat' dir='ltr'>complent.</span> 
     </span>
    </p>

    <p class='ocr_par' dir='ltr' id='par_1_10' title="bbox 347 3224 1465 3526">
     <span class='ocr_line' id='line_1_25' title="bbox 395 3224 1465 3316; baseline 0 -20"><span class='ocrx_word' id='word_1_174' title='bbox 395 3227 550 3316; x_wconf 86' lang='lat' dir='ltr'>Spagna,</span> <span class='ocrx_word' id='word_1_175' title='bbox 572 3231 671 3296; x_wconf 90' lang='lat' dir='ltr'>tener</span> <span class='ocrx_word' id='word_1_176' title='bbox 690 3231 724 3296; x_wconf 89' lang='lat' dir='ltr'>et</span> <span class='ocrx_word' id='word_1_177' title='bbox 745 3224 974 3306; x_wconf 89' lang='lat' dir='ltr'>erubescens,</span> <span class='ocrx_word' id='word_1_178' title='bbox 993 3226 1210 3316; x_wconf 84' lang='lat' dir='ltr'>exquisitam</span> <span class='ocrx_word' id='word_1_179' title='bbox 1231 3224 1366 3316; x_wconf 88' lang='lat' dir='ltr'>pudore</span> <span class='ocrx_word' id='word_1_180' title='bbox 1385 3244 1465 3296; x_wconf 88' lang='lat' dir='ltr'>sua-</span> 
     </span>
     <span class='ocr_line' id='line_1_26' title="bbox 348 3339 1463 3432; baseline -0.001 -21"><span class='ocrx_word' id='word_1_181' title='bbox 348 3341 490 3413; x_wconf 79' lang='lat' dir='ltr'>vitatem</span> <span class='ocrx_word' id='word_1_182' title='bbox 510 3339 669 3421; x_wconf 79' lang='lat' dir='ltr'>exbibet,</span> <span class='ocrx_word' id='word_1_183' title='bbox 690 3339 753 3411; x_wconf 88' lang='lat' dir='ltr'>sed</span> <span class='ocrx_word' id='word_1_184' title='bbox 773 3339 862 3412; x_wconf 85' lang='lat' dir='ltr'>adeo</span> <span class='ocrx_word' id='word_1_185' title='bbox 884 3340 1071 3414; x_wconf 87' lang='lat' dir='ltr'>delicatam</span> <span class='ocrx_word' id='word_1_186' title='bbox 1095 3348 1129 3413; x_wconf 93' lang='lat' dir='ltr'>et</span> <span class='ocrx_word' id='word_1_187' title='bbox 1150 3343 1308 3432; x_wconf 87' lang='lat' dir='ltr'>iragitem</span> <span class='ocrx_word' id='word_1_188' title='bbox 1337 3348 1375 3413; x_wconf 89' lang='lat' dir='ltr'>ut</span> <span class='ocrx_word' id='word_1_189' title='bbox 1396 3341 1463 3411; x_wconf 90' lang='lat' dir='ltr'>mi-</span> 
     </span>
     <span class='ocr_line' id='line_1_27' title="bbox 347 3455 756 3526; baseline -0.01 0"><span class='ocrx_word' id='word_1_190' title='bbox 347 3456 446 3526; x_wconf 78' lang='lat' dir='ltr'>nima</span> <span class='ocrx_word' id='word_1_191' title='bbox 465 3473 502 3526; x_wconf 89' lang='lat' dir='ltr'>re</span> <span class='ocrx_word' id='word_1_192' title='bbox 521 3455 756 3526; x_wconf 85' lang='lat' dir='ltr'>oblitteretur.</span> 
     </span>
    </p>

    <p class='ocr_par' dir='ltr' id='par_1_11' title="bbox 344 3571 1464 4582">
     <span class='ocr_line' id='line_1_28' title="bbox 397 3571 1464 3663; baseline 0 -22"><span class='ocrx_word' id='word_1_193' title='bbox 397 3571 553 3663; x_wconf 83' lang='lat' dir='ltr'>llapbeel</span> <span class='ocrx_word' id='word_1_194' title='bbox 571 3571 648 3661; x_wconf 90' lang='lat' dir='ltr'>ipse</span> <span class='ocrx_word' id='word_1_195' title='bbox 665 3589 772 3661; x_wconf 91' lang='lat' dir='ltr'>prope</span> <span class='ocrx_word' id='word_1_196' title='bbox 791 3579 846 3642; x_wconf 90' lang='lat' dir='ltr'>est</span> <span class='ocrx_word' id='word_1_197' title='bbox 864 3579 902 3643; x_wconf 93' lang='lat' dir='ltr'>ut</span> <span class='ocrx_word' id='word_1_198' title='bbox 919 3572 1020 3644; x_wconf 89' lang='lat' dir='ltr'>cedet</span> <span class='ocrx_word' id='word_1_199' title='bbox 1038 3572 1208 3643; x_wconf 91' lang='lat' dir='ltr'>mollibus</span> <span class='ocrx_word' id='word_1_200' title='bbox 1227 3571 1416 3644; x_wconf 88' lang='lat' dir='ltr'>blanditiis</span> <span class='ocrx_word' id='word_1_201' title='bbox 1431 3578 1464 3642; x_wconf 91' lang='lat' dir='ltr'>et</span> 
     </span>
     <span class='ocr_line' id='line_1_29' title="bbox 348 3685 1463 3776; baseline -0.001 -20"><span class='ocrx_word' id='word_1_202' title='bbox 348 3686 476 3776; x_wconf 89' lang='lat' dir='ltr'>pudico</span> <span class='ocrx_word' id='word_1_203' title='bbox 498 3686 658 3776; x_wconf 87' lang='lat' dir='ltr'>languori</span> <span class='ocrx_word' id='word_1_204' title='bbox 678 3685 851 3757; x_wconf 82' lang='lat' dir='ltr'>luxuriosi</span> <span class='ocrx_word' id='word_1_205' title='bbox 870 3687 978 3756; x_wconf 88' lang='lat' dir='ltr'>simut</span> <span class='ocrx_word' id='word_1_206' title='bbox 1000 3694 1034 3758; x_wconf 91' lang='lat' dir='ltr'>et</span> <span class='ocrx_word' id='word_1_207' title='bbox 1050 3686 1253 3758; x_wconf 89' lang='lat' dir='ltr'>innocentis</span> <span class='ocrx_word' id='word_1_208' title='bbox 1273 3685 1413 3764; x_wconf 86' lang='lat' dir='ltr'>eordis;</span> <span class='ocrx_word' id='word_1_209' title='bbox 1430 3692 1463 3756; x_wconf 90' lang='lat' dir='ltr'>et</span> 
     </span>
     <span class='ocr_line' id='line_1_30' title="bbox 347 3800 1462 3892; baseline 0.001 -21"><span class='ocrx_word' id='word_1_210' title='bbox 347 3802 457 3892; x_wconf 88' lang='lat' dir='ltr'>lepidi</span> <span class='ocrx_word' id='word_1_211' title='bbox 479 3803 555 3892; x_wconf 90' lang='lat' dir='ltr'>ejus</span> <span class='ocrx_word' id='word_1_212' title='bbox 576 3819 617 3872; x_wconf 85' lang='lat' dir='ltr'>ex</span> <span class='ocrx_word' id='word_1_213' title='bbox 640 3800 786 3871; x_wconf 78' lang='lat' dir='ltr'>Ombria</span> <span class='ocrx_word' id='word_1_214' title='bbox 805 3803 930 3886; x_wconf 80' lang='lat' dir='ltr'>amici,</span> <span class='ocrx_word' id='word_1_215' title='bbox 951 3803 1171 3882; x_wconf 82' lang='lat' dir='ltr'>Timotbaeus</span> <span class='ocrx_word' id='word_1_216' title='bbox 1191 3802 1282 3884; x_wconf 88' lang='lat' dir='ltr'>Viti,</span> <span class='ocrx_word' id='word_1_217' title='bbox 1301 3801 1462 3873; x_wconf 82' lang='lat' dir='ltr'>Tiberius</span> 
     </span>
     <span class='ocr_line' id='line_1_31' title="bbox 346 3915 1463 4008; baseline -0.003 -19"><span class='ocrx_word' id='word_1_218' title='bbox 346 3916 391 3989; x_wconf 91' lang='lat' dir='ltr'>de</span> <span class='ocrx_word' id='word_1_219' title='bbox 416 3917 548 3996; x_wconf 74' lang='lat' dir='ltr'>timisi,</span> <span class='ocrx_word' id='word_1_220' title='bbox 572 3915 781 3986; x_wconf 78' lang='lat' dir='ltr'>sinibaldus</span> <span class='ocrx_word' id='word_1_221' title='bbox 803 3916 877 3996; x_wconf 91' lang='lat' dir='ltr'>lbi,</span> <span class='ocrx_word' id='word_1_222' title='bbox 900 3918 1053 3989; x_wconf 89' lang='lat' dir='ltr'>Geriuus</span> <span class='ocrx_word' id='word_1_223' title='bbox 1077 3917 1121 3988; x_wconf 89' lang='lat' dir='ltr'>de</span> <span class='ocrx_word' id='word_1_224' title='bbox 1147 3916 1280 3988; x_wconf 89' lang='lat' dir='ltr'>Pistoia</span> <span class='ocrx_word' id='word_1_225' title='bbox 1305 3915 1463 4008; x_wconf 83' lang='lat' dir='ltr'>(Glanni-</span> 
     </span>
     <span class='ocr_line' id='line_1_32' title="bbox 346 4028 1462 4122; baseline -0.002 -21"><span class='ocrx_word' id='word_1_226' title='bbox 346 4032 422 4101; x_wconf 85' lang='lat' dir='ltr'>cole</span> <span class='ocrx_word' id='word_1_227' title='bbox 437 4028 587 4122; x_wconf 86' lang='lat' dir='ltr'>Manui),</span> <span class='ocrx_word' id='word_1_228' title='bbox 606 4036 641 4100; x_wconf 91' lang='lat' dir='ltr'>et</span> <span class='ocrx_word' id='word_1_229' title='bbox 656 4030 853 4119; x_wconf 77' lang='lat' dir='ltr'>prasertim</span> <span class='ocrx_word' id='word_1_230' title='bbox 871 4030 1048 4101; x_wconf 87' lang='lat' dir='ltr'>Eusebius</span> <span class='ocrx_word' id='word_1_231' title='bbox 1067 4029 1111 4101; x_wconf 93' lang='lat' dir='ltr'>de</span> <span class='ocrx_word' id='word_1_232' title='bbox 1128 4032 1164 4102; x_wconf 92' lang='lat' dir='ltr'>S.</span> <span class='ocrx_word' id='word_1_233' title='bbox 1183 4031 1340 4121; x_wconf 88' lang='lat' dir='ltr'>Giorgio,</span> <span class='ocrx_word' id='word_1_234' title='bbox 1359 4030 1462 4102; x_wconf 93' lang='lat' dir='ltr'>nobis</span> 
     </span>
     <span class='ocr_line' id='line_1_33' title="bbox 345 4143 1463 4234; baseline -0.002 -18"><span class='ocrx_word' id='word_1_235' title='bbox 345 4145 486 4216; x_wconf 82' lang='lat' dir='ltr'>sincera</span> <span class='ocrx_word' id='word_1_236' title='bbox 501 4143 655 4234; x_wconf 84' lang='lat' dir='ltr'>imagine</span> <span class='ocrx_word' id='word_1_237' title='bbox 670 4150 869 4214; x_wconf 88' lang='lat' dir='ltr'>monstrant</span> <span class='ocrx_word' id='word_1_238' title='bbox 882 4144 1001 4233; x_wconf 88' lang='lat' dir='ltr'>qualis</span> <span class='ocrx_word' id='word_1_239' title='bbox 1018 4144 1094 4234; x_wconf 91' lang='lat' dir='ltr'>ipse</span> <span class='ocrx_word' id='word_1_240' title='bbox 1107 4146 1380 4234; x_wconf 84' lang='lat' dir='ltr'>permansisset,</span> <span class='ocrx_word' id='word_1_241' title='bbox 1393 4145 1463 4215; x_wconf 90' lang='lat' dir='ltr'>nisi</span> 
     </span>
     <span class='ocr_line' id='line_1_34' title="bbox 345 4258 1460 4349; baseline -0.002 -17"><span class='ocrx_word' id='word_1_242' title='bbox 345 4266 516 4332; x_wconf 89' lang='lat' dir='ltr'>secretam</span> <span class='ocrx_word' id='word_1_243' title='bbox 537 4259 695 4349; x_wconf 91' lang='lat' dir='ltr'>ingenii,</span> <span class='ocrx_word' id='word_1_244' title='bbox 720 4276 861 4349; x_wconf 89' lang='lat' dir='ltr'>semper</span> <span class='ocrx_word' id='word_1_245' title='bbox 878 4258 923 4329; x_wconf 89' lang='lat' dir='ltr'>ed</span> <span class='ocrx_word' id='word_1_246' title='bbox 943 4259 1071 4331; x_wconf 87' lang='lat' dir='ltr'>altiora</span> <span class='ocrx_word' id='word_1_247' title='bbox 1091 4260 1286 4341; x_wconf 78' lang='lat' dir='ltr'>tendentia,</span> <span class='ocrx_word' id='word_1_248' title='bbox 1310 4259 1379 4332; x_wconf 91' lang='lat' dir='ltr'>vim</span> <span class='ocrx_word' id='word_1_249' title='bbox 1401 4279 1460 4332; x_wconf 82' lang='lat' dir='ltr'>ei·</span> 
     </span>
     <span class='ocr_line' id='line_1_35' title="bbox 344 4372 1463 4465; baseline 0.002 -20"><span class='ocrx_word' id='word_1_250' title='bbox 344 4383 468 4465; x_wconf 92' lang='lat' dir='ltr'>pertus</span> <span class='ocrx_word' id='word_1_251' title='bbox 494 4380 601 4444; x_wconf 88' lang='lat' dir='ltr'>esset.</span> <span class='ocrx_word' id='word_1_252' title='bbox 631 4373 837 4444; x_wconf 89' lang='lat' dir='ltr'>-Omnes</span> <span class='ocrx_word' id='word_1_253' title='bbox 865 4372 917 4442; x_wconf 92' lang='lat' dir='ltr'>illi</span> <span class='ocrx_word' id='word_1_254' title='bbox 945 4373 1062 4446; x_wconf 85' lang='lat' dir='ltr'>festivi</span> <span class='ocrx_word' id='word_1_255' title='bbox 1089 4373 1295 4455; x_wconf 79' lang='lat' dir='ltr'>dubriam,</span> <span class='ocrx_word' id='word_1_256' title='bbox 1328 4376 1463 4447; x_wconf 77' lang='lat' dir='ltr'>umbre</span> 
     </span>
     <span class='ocr_line' id='line_1_36' title="bbox 345 4483 1460 4582; baseline 0.003 -24"><span class='ocrx_word' id='word_1_257' title='bbox 345 4507 435 4580; x_wconf 84' lang='lat' dir='ltr'>qtras</span> <span class='ocrx_word' id='word_1_258' title='bbox 462 4493 589 4559; x_wconf 83' lang='lat' dir='ltr'>ventus</span> <span class='ocrx_word' id='word_1_259' title='bbox 614 4483 749 4570; x_wconf 79' lang='lat' dir='ltr'>anteit,</span> <span class='ocrx_word' id='word_1_260' title='bbox 776 4487 858 4576; x_wconf 91' lang='lat' dir='ltr'>plus</span> <span class='ocrx_word' id='word_1_261' title='bbox 887 4505 1036 4578; x_wconf 80' lang='lat' dir='ltr'>poeseos</span> <span class='ocrx_word' id='word_1_262' title='bbox 1062 4489 1098 4557; x_wconf 91' lang='lat' dir='ltr'>in</span> <span class='ocrx_word' id='word_1_263' title='bbox 1132 4507 1170 4560; x_wconf 88' lang='lat' dir='ltr'>se</span> <span class='ocrx_word' id='word_1_264' title='bbox 1194 4489 1329 4562; x_wconf 83' lang='lat' dir='ltr'>babent</span> <span class='ocrx_word' id='word_1_265' title='bbox 1356 4489 1460 4582; x_wconf 79' lang='lat' dir='ltr'>quidm</span> 
     </span>
    </p>
   </div>
   <div class='ocr_carea' id='block_1_8' title="bbox 0 0 1592 5152">
    <p class='ocr_par' dir='ltr' id='par_1_12' title="bbox 0 0 1592 5152">
     <span class='ocr_line' id='line_1_37' title="bbox 0 0 1592 5152; baseline 0 1"><span class='ocrx_word' id='word_1_266' title='bbox 0 0 1592 5152; x_wconf 95' lang='lat' dir='ltr'> </span> 
     </span>
    </p>
   </div>
  </div>
 </body>
</html>
