3176 5152
819 406 976 468 -28-

339 563 602 638 qnemcumque
622 544 819 628 hominem,
841 544 895 616 rel
915 563 1059 630 sanum,
1082 547 1121 618 in
1142 565 1181 619 se
1201 545 1318 618 morbi
1333 561 1455 617 semen

338 661 430 732 ierre
454 678 525 750 quo
549 659 744 730 rnoriturus
770 666 836 730 est.
859 660 934 740 Sir,
956 679 977 730 a
996 661 1111 751 primu
1125 660 1334 734 -llurentiuae
1354 661 1453 743 artis,

339 771 458 846 adhue
486 781 624 844 naturae
652 772 946 856 studiosissimae,
978 775 1176 866 principia,
1205 773 1290 847 ditm
1326 776 1455 847 Paulus

340 890 516 974 Uaeellus,
538 888 728 960 Castanlus
751 886 969 983 (castagna),
991 891 1115 963 Petrus
1132 892 1227 963 della
1247 893 1452 970 Franeesaa

339 1001 486 1077 strenu'e
516 1005 695 1075 luatautur
715 1010 753 1074 ut
780 1011 918 1074 naturae
937 1022 1067 1075 arcana
1096 1012 1284 1097 penetrent
1315 1011 1351 1076 et
1380 1005 1456 1094 ejus

289 1109 292 1186 ᾗ
341 1121 476 1192 viribus
501 1119 695 1210 potiantur,
718 1118 856 1208 pictura
882 1120 968 1203 ista,
995 1121 1103 1192 nirnis
1128 1121 1262 1192 diserta
1295 1138 1335 1190 ae
1365 1121 1455 1210 eogi-

339 1242 432 1317 tata,
455 1232 560 1306 citius
582 1232 674 1306 ultra
699 1235 895 1324 specierum
922 1235 1082 1308 velamen
1111 1235 1263 1320 incedit,
1295 1242 1331 1306 et
1357 1233 1457 1306 ideas

339 1349 543 1441 generales,
571 1367 614 1420 ex
635 1367 752 1420 rerum
775 1357 811 1420 et
837 1348 1038 1422 intellectis
1061 1350 1259 1422 loederibus
1281 1357 1398 1434 artas,
1420 1349 1457 1420 id

339 1471 394 1536 est
413 1465 589 1536 linearum
609 1471 643 1536 et
663 1465 781 1535 motus
801 1471 835 1535 et
857 1464 1005 1536 luminis
1027 1464 1231 1549 seientiam,
1251 1483 1324 1536 uno
1350 1464 1457 1536 rerba

339 1579 431 1652 orbis
459 1578 749 1650 mathematicam
776 1579 1012 1670 deprehendit
1044 1578 1108 1674 (l).
1139 1581 1244 1652 Salus
1277 1597 1458 1670 corporeae

234 1697 236 1700 ’
341 1696 506 1768 sanitatis
521 1695 668 1767 innatus
684 1696 782 1786 vigor
792 1694 992 1786 etimpetus
1004 1696 1065 1767 ille
1079 1715 1150 1786 quo
1165 1697 1303 1787 priores
1318 1703 1455 1776 aemtes,

341 1829 464 1884 reeens
483 1812 570 1883 artis
588 1811 792 1902 participes,
810 1819 967 1884 externae
981 1811 1118 1882 veritati
1136 1829 1175 1884 se
1193 1811 1353 1892 tradunt,
1371 1830 1459 1902 pau-

342 1927 453 2018 lisper
479 1927 608 1998 italiae
633 1927 768 1999 indolis
794 1926 895 1999 dotes
923 1945 966 1998 ex
994 1945 1099 2017 aeque
1127 1927 1349 2018 temperarit.
1376 1927 1458 2000 llax

339 2049 459 2114 autern
481 2041 631 2114 dirersis
652 2043 770 2114 tausis
793 2042 976 2134 diruptum
1001 2052 1056 2115 est
1081 2043 1204 2134 lraglle
1228 2044 1296 2115 hoa
1318 2049 1456 2134 lernpe-

342 2165 565 2246 ramentum
588 2177 679 2248 quas
700 2177 797 2230 nunu
814 2165 979 2230 excutere
997 2177 1115 2250 operae
1137 2159 1290 2250 pretium
1311 2165 1379 2230 est.
1543 2146 1545 2151 ’

373 2396 408 2458 (l)
424 2393 544 2458 Tempus
559 2395 612 2444 erit
627 2395 699 2445 hene
712 2395 815 2445 indolis
830 2397 950 2460 propriae
965 2401 1057 2444 notam
1073 2396 1236 2459 explanare,
1252 2395 1364 2458 quando
1383 2395 1458 2442 itali·-

339 2489 403 2524 curn
418 2476 559 2537 ingenium
575 2475 699 2538 Hispano
714 2480 742 2524 et
754 2475 867 2539 Belgica
884 2490 1066 2539 opponemus.
