3176 5152
793 417 952 478 ..10-

318 557 481 640 aeternis,
517 563 693 628 amovent.
729 595 776 606 -
806 555 885 625 Pari
915 556 1071 636 ratione,
1103 556 1269 646 quisquis
1298 562 1440 628 naturae

317 672 471 764 speciem
497 679 654 743 exactam
683 672 720 740 in
749 671 917 760 operibus
945 671 1021 742 suis
1047 669 1200 762 effingit,
1230 671 1326 743 huno
1352 690 1437 742 cou-

292 799 295 804 '
318 787 446 858 temnit
464 795 498 858 et
518 787 665 858 damnat
680 787 925 876 lllohelangell
945 786 1062 856 lectio.

364 904 529 992 lamiam,
548 903 585 972 in
606 904 752 986 Graecia,
776 902 995 973 nobilissimi
1018 902 1172 975 artifices
1198 908 1336 975 naturae
1355 904 1433 974 ins·

241 1051 251 1068 ·
316 1020 515 1110 pactionem
534 1027 569 1090 et
584 1019 797 1107 obsequium
815 1019 1069 1091 deseruerant:
1089 1019 1299 1092 Praxitelem
1316 1019 1437 1090 lerunt

316 1140 388 1206 tres
409 1134 668 1224 pulcherrimas
684 1135 773 1204 Coas
793 1135 931 1224 puellas
952 1135 996 1205 ad
1015 1135 1197 1225 exemplar
1214 1134 1378 1225 elegisse,
1396 1141 1436 1206 ut

317 1251 354 1320 in
376 1268 487 1321 uuum
504 1245 611 1339 opus,
632 1258 751 1322 mente
772 1251 1085 1339 comprehensum,
1106 1251 1237 1321 formas
1258 1269 1379 1322 earum
1400 1256 1436 1321 et

317 1383 478 1454 sparsam
515 1372 736 1436 venustatem
768 1366 1019 1446 contraheret;
1050 1365 1122 1436 imo
1154 1365 1264 1458 (quod
1292 1365 1433 1456 grauius

317 1478 400 1571 est),
417 1488 514 1572 patet
529 1481 694 1552 eumdem
713 1479 845 1571 saepius
861 1481 1039 1572 Apollinis
1054 1489 1089 1552 et
1103 1483 1306 1552 Faunorum
1322 1481 1434 1553 ambi-

316 1614 385 1686 gua
404 1614 551 1687 corpora
568 1596 850 1669 adolescentium
871 1597 984 1687 gratia
1002 1598 1109 1669 simul
1128 1604 1162 1668 et
1182 1596 1359 1688 uirginum
1377 1597 1434 1668 de

317 1728 396 1782 core
411 1712 605 1782 exornasse
627 1709 692 1804 (l).
715 1711 827 1797 Quam
848 1710 953 1804 longe
973 1731 993 1782 a
1016 1732 1133 1784 rerum
1155 1713 1368 1794 imitatione,
1391 1730 1432 1784 ex
1465 1733 1473 1746 ·

317 1827 389 1916 qua
403 1834 496 1898 artes
514 1845 640 1899 omnes
655 1836 788 1902 exorta
803 1836 900 1910 sunt,
919 1836 1035 1900 exstat
1051 1829 1133 1900 talis
1154 1829 1366 1919 complexio,
1384 1835 1432 1912 et,

315 1947 356 2012 ut
375 1939 425 2012 it'a
444 1941 573 2025 dicam,
595 1942 770 2015 mixtura!

365 2054 521 2146 Longius
546 2058 652 2129 etiam
678 2065 772 2128 errat
798 2058 972 2147 Raphael,
1003 2059 1085 2148 qui,
1115 2057 1202 2130 dum
1229 2078 1268 2131 se
1297 2065 1434 2130 naturae

316 2171 518 2242 studiosum
546 2180 580 2244 et
605 2174 791 2245 assiduum
814 2175 1071 2264 speculatorem
1088 2176 1126 2245 in
1142 2175 1435 2247 delineatis-ima·

315 2285 460 2377 ginihus
481 2288 635 2376 praehet,
658 2285 805 2359 aliund'e
832 2290 867 2358 ln
894 2289 997 2377 pictis
1025 2289 1157 2359 tabulis
1182 2286 1434 2379 plerumquea

315 2402 410 2474 recta
442 2404 589 2475 veritate
619 2403 781 2475 discedit.
811 2405 889 2474 Non
924 2404 1009 2493 quia
1038 2405 1225 2476 Praxitelis
1258 2404 1431 2476 rationem

314 2517 455 2609 ignorat
475 2520 528 2590 uel
551 2519 748 2609 improbet;
773 2517 834 2588 sed
858 2545 872 2581 ιι
893 2518 1018 2590 deesse
1035 2538 1131 2590 nuno
1148 2521 1297 2610 pulchra
1315 2537 1432 2591 exem·

314 2635 463 2725 plarla»
490 2634 687 2718 contendit,
711 2641 757 2718 et,
779 2635 809 2703 si
831 2634 964 2718 adsint,
995 2661 1009 2698 a
1031 2654 1069 2706 se
1089 2654 1259 2706 noneum
1275 2635 1433 2724 assequi

315 2737 450 2841 optima
470 2751 672 2822 discernere
692 2755 726 2819 et
745 2749 874 2838 eligere
893 2756 1000 2838 queat
1025 2775 1038 2812 t
1058 2773 1066 2828 ;
1092 2748 1224 2820 idcircd
1243 2768 1281 2820 se
1313 2775 1327 2812 r
1348 2747 1434 2820 lateo

316 2865 470 2954 quadam
493 2866 557 2948 uti,
581 2882 662 2953 quae
680 2865 717 2933 iu
739 2871 894 2934 mentem
916 2864 1012 2935 venit
1035 2862 1099 2956 (t).
1124 2890 1139 2927 a

366 2980 520 3069 Raphael
544 2980 669 3050 saltem
689 2978 805 3050 ideam
827 2998 928 3049 suam
949 2981 1121 3069 perpetual
1135 2980 1383 3052 observatione
1398 2986 1434 3050 et

316 3096 451 3166 attenta
471 3094 707 3184 inquisitione
727 3094 827 3164 lulolt
858 3119 865 3164 :
895 3094 1041 3178 scillcet,
1064 3094 1312 3168 Archimedem
1332 3092 1431 3165 ellin-

316 3229 415 3302 gens,
437 3208 591 3302 primum
618 3211 854 3293 Bramantem,
886 3227 965 3279 cum
997 3208 1143 3280 nodosis
1171 3228 1211 3280 ac
1237 3209 1309 3281 lere
1337 3227 1432 3280 mor-

317 3327 388 3397 tuis
409 3325 529 3415 digitis
550 3325 728 3404 imitatur;
752 3333 786 3394 et
806 3322 935 3406 adnixu,
955 3324 1104 3413 liguram
1121 3325 1246 3415 dugeli
1263 3325 1309 3396 ad
1329 3326 1435 3395 Coro-

318 3441 474 3512 nandam
486 3440 666 3530 Virginem
681 3458 916 3529 persequens
931 3440 1066 3510 sodalis
1078 3440 1263 3529 ouJusdam
1281 3439 1433 3533 effigiem

318 3553 595 3644 delineat(Mns.
614 3551 767 3647 chor),
787 3573 851 3626 nec
865 3556 1064 3646 singulares
1076 3556 1184 3643 hujus
1196 3557 1313 3626 vultds
1330 3561 1433 3626 notas

319 3671 470 3754 omittit,
502 3671 554 3742 vel
587 3669 632 3740 ad
667 3670 799 3740 tabulae
826 3669 1077 3760 perlectionem
1112 3669 1282 3749 inutiles;
1319 3668 1430 3761 (vide,

319 3787 472 3876 exempli
493 3787 617 3876 gratia,
651 3805 771 3876 rugam
801 3785 993 3875 quamdam
1019 3785 1178 3856 interiori
1204 3785 1319 3856 dextri
1340 3785 1432 3855 oculi

350 4039 384 4100 (1)
402 4036 504 4088 Confer
518 4039 648 4088 zeuxidis
669 4043 696 4087 et
715 4039 838 4100 quinque
858 4037 1083 4088 Crotoniensium
1103 4037 1270 4100 puellarum,
1286 4036 1359 4098 apud
1376 4036 1435 4087 Cic.

319 4118 364 4182 (de
378 4118 447 4180 Inv„
465 4117 505 4178 11,
522 4118 544 4181 l)
557 4119 687 4167 tabulam.

350 4197 383 4258 (2)
401 4213 413 4243 o
429 4196 466 4246 Ut
480 4197 622 4260 pulchram
637 4198 780 4246 mulierem
797 4198 947 4260 depingere
960 4198 1078 4259 poesim,
1094 4199 1254 4257 blsoynert'a
1270 4199 1370 4244 vadere
1384 4197 1436 4254 plu

321 4279 470 4326 bellacum
492 4277 626 4325 acerrimo
649 4280 824 4326 aestimatore
845 4279 891 4340 qui
913 4277 979 4324 mihi
1002 4277 1184 4324 auxiliaretur
1204 4291 1219 4322 a
1234 4279 1277 4334 sat·
1290 4278 1376 4323 scelte
1391 4279 1437 4323 dal

321 4359 441 4417 meoua·
455 4357 504 4404 sed
520 4357 714 4426 deficientibus
733 4357 814 4406 simul
835 4357 957 4420 pulchris
976 4357 1138 4404 mulieribus
1154 4359 1181 4403 ct
1202 4355 1437 4412 aestimatoribus

321 4438 349 4484 io
370 4437 411 4484 mi
431 4449 511 4485 seruo
532 4439 619 4484 d¹una
638 4442 713 4484 certe
734 4439 798 4486 idea
817 4441 866 4486 cha
887 4439 927 4485 ml
951 4438 1031 4484 olene
1049 4439 1104 4483 alle
1126 4441 1228 4484 mente.
1250 4450 1262 4481 o
1283 4434 1379 4497 (Epist.
1402 4434 1436 4482 ad

321 4515 411 4567 Balth.
425 4514 604 4579 castiglione,
618 4516 652 4565 de
668 4516 800 4579 Galatea.)
