3160 5152
711 448 714 452 ,
820 423 985 492 -so--

339 566 559 642 committere
582 568 714 651 nollet,
741 567 898 640 instituit
923 565 1151 639 Academiam
1176 565 1236 636 dei
1255 563 1457 638 Desiderari

344 682 394 778 lid
426 691 480 756 est
512 681 790 753 desiderantium
823 683 1010 773 antiquam
1045 679 1330 774 perlectionem),
1366 699 1455 772 quos
1557 673 1559 740 Ϊ

339 798 462 879 brevi,
492 797 529 869 iu
556 798 804 870 ¹testimonium
824 795 1150 887 comprobationis,
1179 797 1373 888 appellarit
1391 793 1454 865 lo·

339 912 557 986 comminati
577 911 627 1006 (in
648 914 743 984 reete
767 914 821 984 ria
843 908 1012 1004 positos).
1042 912 1240 985 interillos
1265 911 1454 984 ratiocina-

269 1099 272 1104 .
340 1031 428 1102 toris
448 1037 568 1120 partes
590 1029 718 1120 egebat
739 1029 961 1120 Augustinus
986 1024 1170 1121 (tractatus
1191 1027 1457 1120 scenograpbiae

341 1153 376 1217 et
395 1145 670 1223 architecturae.
702 1143 966 1235 disputationes
991 1143 1036 1216 do
1062 1143 1214 1217 historie
1236 1152 1271 1216 et
1295 1143 1453 1235 labulAt;
1555 1221 1559 1236 ,

340 1259 497 1332 Annibal
518 1260 692 1350 picturam
714 1266 749 1330 et
767 1258 1045 1331 delineationem
1073 1258 1235 1333 docebat.
1264 1257 1458 1332 Discebant

340 1373 507 1465 discipuli
525 1373 757 1464 quamobrem
779 1373 927 1464 pulobra
947 1391 1055 1464 opera
1074 1373 1257 1465 diligentia
1272 1379 1406 1455 essent,
1422 1380 1458 1446 ot
1558 1463 1559 1466 p

340 1488 522 1581 quomodo
546 1487 636 1572 ista
677 1487 801 1560 eadem
841 1488 1042 1560 imitatione
1085 1487 1454 1579 apprehenderentur.
1557 1505 1559 1536 ⁴

339 1603 529 1682 AEmulatio
563 1602 819 1675 certaminibus
849 1602 1111 1687 concitabatur,
1140 1603 1273 1696 quibus
1300 1603 1456 1677 celebres
1557 1641 1559 1700 ι

341 1719 507 1810 pictores,
530 1725 701 1808 tauquam
718 1717 871 1809 judices,
894 1717 1150 1808 praesidebant.
1170 1718 1223 1793 Ad
1244 1718 1456 1792 relaxandos

339 1832 480 1922 animos
501 1833 636 1905 tirones
658 1851 718 1903 rus
742 1831 978 1914 ducebantur,
1000 1840 1035 1906 et
1062 1852 1268 1924 camporum
1290 1851 1455 1925 prospee·
1557 1915 1559 1942 ι

340 1955 398 2042 tus
419 1947 663 2020 delineabant.
686 1948 725 2017 ln
747 1949 889 2018 summi
907 1946 1011 2020 liberi
1032 1948 1245 2034 manebant,
1262 1950 1305 2021 ea
1324 1950 1399 2040 loge
1417 1955 1457 2019 ut

340 2063 488 2139 rationi,
514 2062 712 2153 coegimus,
737 2069 874 2135 naturae
894 2070 1060 2153 parerent
1089 2059 1154 2158 (l).
1178 2064 1352 2156 Exiguam
1372 2061 1457 2136 saub

341 2177 556 2262 libertatem,
580 2184 618 2249 ut
638 2175 730 2248 intra
749 2175 904 2267 patebit!

389 2295 520 2366 Revera
543 2292 756 2364 Caracciana
784 2293 965 2364 renovatio
996 2299 1208 2383 praesentem
1237 2312 1357 2367 rerum
1383 2300 1453 2366 sta·

341 2417 414 2481 tum
434 2405 574 2500 ¹parium
601 2408 773 2480 mutabat.
806 2409 856 2478 lix
882 2408 1052 2480 omnibus
1078 2410 1289 2500 corruptelae
1317 2408 1452 2490 causis,

339 2524 403 2595 uni
419 2520 563 2596 'tantum
586 2523 765 2604 obstabat,
787 2523 901 2615 fugaci
922 2522 1068 2612 quidem
1089 2531 1124 2596 et
1139 2523 1306 2611 fortuita,
1325 2523 1456 2596 scilicet

338 2638 585 2730 ltlicbelangeli
609 2637 823 2714 auctoritati.
851 2677 899 2688 -
919 2664 935 2702 ι
955 2639 1111 2710 Annibal
1137 2639 1292 2730 quadam
1313 2639 1373 2712 die
1391 2639 1453 2712 lli·

341 2773 458 2826 nervae
478 2754 648 2845 templum
671 2755 868 2844 ingressus,
890 2772 970 2826 cum
986 2755 1193 2827 Florentino
1208 2755 1358 2837 artifice,
1376 2772 1455 2846 geu-

368 3007 402 3070 (1)
420 3007 512 3056 Primo
528 3005 661 3070 adspectu
678 3006 888 3056 similitudinem
910 3007 1056 3072 quamdam
1077 3008 1150 3058 inter
1165 3005 1362 3058 Caraceiorum
1376 3007 1453 3056 insti·

338 3088 474 3137 tutionem
494 3092 521 3137 et
540 3087 678 3136 Leonardi
697 3087 871 3149 disciplinam
892 3087 1094 3150 deprehendas.
1112 3088 1178 3137 Vult
1193 3087 1358 3138 Leonardus
1372 3087 1453 3136 disci·

338 3167 548 3232 numeratione
561 3171 588 3216 et
602 3167 657 3229 viri,
673 3167 792 3230 primum
805 3168 930 3217 scientim
941 3162 1182 3230 (scenographlae)‚
1194 3167 1342 3225 mensoris,
1356 3166 1453 3229 magis-

338 3252 443 3296 trorum
460 3247 664 3308 exemplaribus
675 3247 781 3307 eddici;
798 3247 896 3308 postea
906 3248 1023 3297 veniunt
1033 3246 1126 3295 studia
1137 3260 1172 3295 ox
1186 3246 1301 3304 naturei;
1318 3245 1453 3309 posterius

338 3327 421 3376 etiarn
443 3327 574 3376 itinerum
595 3327 697 3386 series,
715 3327 816 3389 quibus
837 3327 979 3390 perficitur
995 3325 1144 3389 judicium,
1160 3324 1323 3389 priusqubm
1344 3325 1453 3388 pingere

338 3406 482 3470 incipiant.
499 3405 597 3467 (11.45,
614 3405 665 3467 60.)
967 3470 971 3474 ,
1173 3409 1175 3414 ’

369 3484 431 3535 Α1ίο
441 3486 503 3535 loco
512 3485 550 3534 ait
558 3485 754 3536 delineandum
765 3500 826 3536 esse
834 3487 953 3548 primurn
964 3500 998 3535 ex
1010 3487 1204 3550 magistrorum
1213 3484 1452 3546 delineationibus,

338 3571 435 3630 postea
450 3579 484 3615 ex
500 3569 608 3629 rillaco,
624 3566 736 3616 tandem
750 3581 785 3617 ex
803 3571 896 3616 buono
912 3571 1053 3634 materaria.
1068 3566 1114 3628 (ll,
1129 3566 1178 3628 79.)

369 3644 425 3695 Sed
442 3645 579 3696 Leonardi
598 3647 702 3710 regulae
718 3647 752 3694 ad
768 3647 874 3696 tirones
894 3648 969 3698 solos
984 3648 1137 3712 pertinent,
1154 3644 1350 3695 Carecciorum
1364 3649 1452 3694 autem

337 3724 372 3774 ed
387 3725 516 3777 artifices.
530 3724 626 3788 Longe
640 3726 721 3774 aliter
734 3727 859 3788 loquitur
877 3727 1053 3786 menardus,
1070 3739 1155 3790 quum
1169 3725 1203 3772 de
1217 3724 1325 3788 pictore
1342 3724 1450 3788 agitur:

336 3805 395 3854 thm
410 3805 611 3868 protegendum
627 3806 732 3868 ingenii
748 3805 881 3869 impetum
895 3812 974 3856 curat
986 3807 1020 3869 (v.
1037 3807 1073 3865 11,
1086 3805 1125 3865 63,
1141 3817 1284 3853 murorum
1298 3803 1386 3866 rimae,
1401 3801 1451 3851 foci

336 3883 473 3948 flammael,
492 3891 520 3934 et
534 3884 705 3952 inventionis
720 3885 885 3936 libertatem.
901 3887 951 3950 (11,
968 3886 1017 3950 61).
1037 3912 1068 3922 -
1085 3902 1098 3932 ιι
1120 3885 1151 3936 Si
1168 3884 1278 3948 regulas
1298 3884 1333 3932 ad
1349 3888 1451 3945 tempus

337 3965 547 4027 compositionis
563 3963 696 4014 adhibere
708 3965 789 4024 velis,
802 3966 944 4026 nunquam
959 3979 1017 4016 rem
1032 3965 1170 4029 perfidos,
1183 3971 1211 4014 et
1219 3963 1450 4027 perturbationem

337 4045 416 4108 operi
434 4048 482 4094 tuo
500 4043 620 4108 iniicies.
645 4059 658 4093 r
678 4071 709 4082 -
724 4059 737 4092 c
755 4045 869 4109 Regulae
887 4047 994 4096 tantum
1013 4045 1048 4095 ad
1063 4045 1241 4108 corrigendas
1255 4044 1360 4108 figuras
1374 4043 1450 4093 utiles

336 4130 441 4175 sunt.»

369 4203 472 4266 Pictor,
486 4205 520 4253 ad
532 4204 727 4255 Caracciorum
743 4210 872 4268 mentem,
884 4206 951 4254 artis
966 4206 1162 4269 peritissimus,
1178 4185 1280 4269 quaerit
1293 4210 1326 4257 ut
1340 4205 1450 4256 aliorum

336 4284 459 4334 rationes
488 4285 541 4333 sibi
567 4286 705 4346 vindicet,
732 4292 760 4336 et
787 4300 882 4336 eorum
907 4286 1017 4348 regulas
1048 4292 1180 4336 assumat.
1205 4311 1235 4322 -·
1255 4285 1336 4342 ¹Dicit
1361 4280 1452 4334 conob

335 4363 521 4416 Leonardus:

369 4463 381 4492 ι
395 4446 463 4495 Dico
478 4446 503 4494 ai
515 4446 611 4509 pittori
627 4447 677 4496 che
691 4449 748 4496 mai
763 4460 888 4495 nessaeo
902 4449 970 4496 deoc
986 4449 1101 4496 imitare
1112 4450 1138 4496 la
1150 4449 1282 4496 mantare
1297 4449 1362 4496 dell'
1374 4447 1449 4502 altre,

333 4524 438 4592 'perche
453 4523 516 4574 sarb
531 4526 607 4575 detto
621 4525 716 4590 nipotc
731 4539 746 4575 e
760 4539 817 4576 non
831 4525 955 4593 figliuolo
969 4525 1041 4576 della
1051 4531 1182 4590 natura...
1199 4543 1211 4574 o
1228 4524 1337 4590 (1118.)
