3176 5152
871 443 1026 505 ...26-

323 620 327 626 ·
438 584 523 668 Qoae
542 583 645 673 signa
665 600 737 654 non
763 580 914 653 dubium
935 587 990 652 est
1012 579 1099 670 quin
1128 579 1335 652 Leooardus
1362 580 1504 671 propria

387 698 625 789 experientia,
652 705 687 770 et
711 698 860 768 forsitan
893 698 930 768 in
964 697 1085 768 imolae
1117 695 1307 766 obsidione
1341 697 1502 766 observa·

388 813 475 886 verit
493 837 501 882 ε
520 811 626 903 quam
647 814 757 884 muita
777 819 896 883 autem
913 813 949 882 in
968 813 1034 883 bac
1053 812 1223 901 diligente
1242 819 1277 883 et
1293 811 1504 882 concinnato

388 947 517 1020 pugnae
531 929 771 1020 descriptione
786 927 978 999 deficiunt!
997 929 1129 999 Revera
1144 926 1264 999 deficit
1278 927 1357 1017 ipsa
1372 944 1501 1016 pugna.

387 1045 454 1116 Ubi
482 1045 578 1116 enim
606 1044 704 1115 iuror
728 1045 795 1115 iste
829 1063 900 1133 quo
928 1050 1131 1134 pugnantes
1165 1039 1238 1113 un'a
1267 1038 1505 1112 invehuntur?

388 1159 487 1231 Patet
506 1167 684 1231 auctorem
704 1159 843 1231 actione
862 1179 934 1230 non
956 1160 1110 1234 moveri:
1131 1160 1225 1229 banc
1244 1155 1350 1228 modb
1367 1157 1504 1228 curiose

388 1281 422 1345 et
442 1275 545 1364 quasi
564 1275 719 1366 gratuita
739 1282 857 1346 mente
881 1282 1028 1365 spectat.

437 1389 588 1480 insuper
605 1389 853 1480 gravissimum
878 1390 1074 1479 periculum
1097 1408 1137 1460 ex
1163 1386 1382 1460 istiusmodi
1403 1394 1502 1456 nota·

389 1503 549 1575 tionibus
570 1505 754 1596 exsurgit:
775 1523 855 1594 quae
877 1504 1022 1594 quidem
1044 1522 1161 1575 rerum
1179 1503 1387 1593 adspectum
1410 1519 1505 1571 resu-

389 1627 505 1699 munt,
528 1619 611 1700 sed,
632 1619 756 1691 subtili
781 1618 956 1690 Leonerdi
977 1619 1121 1709 ingenio
1142 1619 1312 1710 perditae,
1335 1617 1427 1688 fiunt
1445 1635 1503 1706 ge·

389 1721 529 1806 nerales
553 1742 587 1807 et
615 1736 682 1806 soti
709 1735 907 1808 irretientur
928 1735 1174 1806 aestimabiles.
1206 1734 1273 1820 Qui
1299 1733 1504 1824 postitium

389 1849 533 1922 venient
552 1850 726 1930 artifices,
749 1869 860 1941 quom
887 1869 946 1921 eas
967 1851 1113 1941 proprie
1132 1849 1381 1922 observatione
1402 1866 1503 1920 reno·

311 2039 314 2044 ,
389 1984 470 2038 vere
485 1973 679 2056 nequeant,
698 1985 740 2038 ex
758 1966 804 2038 iis
824 1964 963 2038 tentiam
985 1967 1119 2038 nudam
1136 1974 1208 2038 ete
1229 1965 1335 2038 rebus
1352 1964 1506 2036 abstrac-

319 2103 322 2110 ’
389 2087 460 2154 tam
488 2069 605 2152 ideam
641 2081 860 2153 retinebuut.
895 2083 1026 2172 Pagina
1050 2079 1198 2175 ‘demum
1231 2083 1299 2154 ista
1328 2077 1454 2171 parium
1488 2099 1508 2149 a

390 2195 588 2287 magnificis
604 2203 639 2268 et
654 2196 792 2300 [rigidis
805 2196 1061 2287 jactationibus
1078 2197 1270 2286 discrepat,
1285 2214 1367 2286 quae
1384 2195 1421 2265 in
1436 2193 1508 2266 fine

390 2311 479 2382 sexti
501 2310 630 2382 decimi
651 2318 685 2382 et
708 2329 770 2400 per
790 2319 903 2383 totum
926 2311 1118 2402 septimum
1140 2311 1507 2382 decimumsaecuium

387 2426 608 2518 pervaluere.
630 2427 739 2497 -Et
766 2426 855 2496 iliud
886 2424 1088 2498 evidentius
1115 2427 1221 2498 etium
1243 2445 1284 2498 err
1311 2427 1392 2506 toa,
1426 2426 1505 2505 tte,

393 2544 473 2623 itt,
489 2544 570 2623 idi,
586 2544 667 2624 tto,
680 2542 840 2632 eiusdem
852 2542 970 2632 operis
983 2543 1148 2632 capitulis
1162 2550 1313 2622 constat,
1327 2542 1363 2612 in
1377 2540 1508 2630 quibus

390 2655 521 2727 dantur
546 2664 640 2728 certa
666 2664 841 2747 praecepta
867 2657 910 2728 ad
940 2656 1147 2748 tingendum
1177 2676 1348 2748 puerum,
1371 2673 1506 2738 senem,

388 2770 579 2853 feminum,
605 2791 734 2854 enum,
760 2780 826 2844 ete.
858 2769 922 2866 (t).
945 2755 992 2844 'in
1021 2773 1078 2843 bis
1105 2755 1324 2845 intellectum
1351 2777 1507 2850 acutum,

388 2895 553 2976 argutum
580 2886 819 2976 festivumque
843 2887 1114 2977 deprehendas,
1139 2885 1260 2959 verbm
1287 2885 1396 2958 nimis
1424 2902 1507 2975 pre·

390 3015 476 3072 urum
497 3001 542 3073 ad
565 3000 756 3072 dicendum
779 3003 824 3074 de
850 3001 1039 3080 universo,
1066 3001 1111 3073 ad
1132 3002 1370 3074 convertenda
1390 2998 1511 3080 omnia

390 3116 480 3187 tacta
499 3123 534 3186 et
561 3133 617 3186 res
642 3116 679 3186 in
702 3135 833 3206 genera
860 3135 901 3188 ac
921 3118 1015 3207 leges
1036 3113 1104 3211 (2);
1136 3136 1217 3207 quae
1241 3113 1366 3207 postet
1390 3133 1452 3206 per
1474 3130 1511 3185 se

390 3230 469 3321 ipsa
488 3232 676 3312 valebunt,
706 3231 836 3304 uedom
865 3252 884 3302 a
910 3233 1169 3304 recentioribus
1197 3238 1508 3322 recognoscentur.

441 3345 592 3432 Quodsi
615 3347 830 3450 anteriorem
852 3349 958 3419 etiam
979 3349 1105 3420 italicae
1125 3348 1284 3419 bistoriae
1303 3354 1443 3419 aetetem
1464 3363 1512 3416 re

390 3469 576 3553 petamus,
614 3463 709 3552 apud
749 3465 957 3535 Mantiniam
992 3462 1204 3558 (Mantegna)
1240 3463 1401 3553 eiusdem
1437 3461 1510 3533 vitii

391 3577 608 3669 principium
639 3580 872 3670 reperiemus.
904 3581 1031 3652 Mirum
1059 3589 1113 3652 est
1139 3577 1313 3670 quantum
1342 3579 1424 3662 iiie,
1445 3575 1510 3649 etsi

422 3820 456 3882 (i)
473 3821 485 3882 fl
501 3820 543 3870 itt
557 3835 563 3870 τ
578 3838 590 3868 «
606 3820 730 3871 Comaei
747 3825 873 3870 debbono
889 3823 1008 3885 figurare
1024 3823 1049 3870 lo
1066 3823 1187 3874 vocabis.
1199 3849 1228 3858 -
1239 3823 1277 3872 Le
1288 3822 1402 3872 vecchio
1416 3821 1440 3870 si
1450 3820 1511 3869 dob-

392 3901 466 3948 bono
481 3901 600 3964 figurare
615 3901 704 3950 ardite
721 3915 735 3950 e
751 3907 860 3964 promte,
876 3916 928 3950 con
944 3902 1067 3951 rabbiosi
1082 3903 1253 3962 movimenti,
1270 3917 1286 3951 a
1302 3903 1384 3966 guise
1398 3901 1426 3949 di
1442 3901 1512 3949 iuria

392 3981 534 4039 internali;
553 3980 586 4029 ed
607 3983 616 4030 i
639 3982 801 4030 movimeuti
825 3982 954 4031 debbono
975 3995 1072 4044 parere
1092 3983 1140 4044 piu
1164 3983 1256 4045 pronti
1276 3983 1348 4031 nelle
1368 3981 1512 4030 brucciae

393 4064 464 4110 teste
479 4061 529 4110 che
543 4061 615 4110 nelle
630 4064 756 4124 gambe...
775 4077 787 4107 n
804 4061 863 4111 Eto.

426 4139 459 4202 (2)
473 4139 585 4190 Frustra
595 4141 758 4190 Leonardus
769 4143 803 4189 ab
815 4141 869 4190 isto
882 4141 987 4204 ingenii
998 4142 1093 4190 habitu
1105 4156 1135 4190 se
1146 4146 1248 4190 tuetur.
1264 4140 1307 4201 (V.
1322 4139 1375 4198 122,
1390 4139 1433 4190 tta
1443 4154 1511 4202 cap..

394 4219 491 4268 contrat
510 4220 673 4268 anatomicae
694 4221 819 4269 scientiae
840 4220 1036 4282 incommoda.)
1058 4220 1089 4269 Id
1107 4221 1230 4269 studium
1251 4220 1385 4268 historico
1407 4219 1513 4268 ratione

395 4299 562 4363 aggreditur,
579 4301 704 4363 corporis
720 4301 870 4350 varietates
886 4315 935 4363 per
946 4306 1043 4350 aetates
1056 4301 1180 4350 diversas
1192 4307 1219 4350 et
1229 4305 1336 4352 naturae
1346 4299 1456 4348 indotos
1469 4313 1512 4348 se·
1550 4353 1553 4362 A

396 4392 492 4440 quens,
508 4405 537 4414 -
554 4379 670 4441 exempli
688 4379 776 4442 gratia
788 4380 928 4428 bominem
939 4395 954 4428 a
966 4394 1053 4442 puero
1066 4380 1100 4428 ad
1111 4393 1205 4429 senem
1219 4382 1380 4430 observans.
1394 4379 1450 4429 Sed
1463 4379 1512 4427 bo-

396 4460 478 4508 minis
493 4459 587 4523 generi
601 4457 791 4508 tantummodo
802 4459 881 4522 plura
894 4472 1005 4524 genera,
1018 4460 1125 4509 scilicet
1137 4459 1226 4522 pueri,
1242 4459 1439 4518 adolescentis,
1452 4458 1512 4517 viri,

397 4541 481 4602 senis,
497 4540 650 4590 substituit.
667 4538 702 4589 Hi
718 4539 784 4590 verb
799 4544 873 4600 sunt,
891 4553 982 4603 graeco
997 4553 1082 4600 more,
1100 4540 1216 4598 κάνωνες.
