3160 5152
783 387 962 450 -tlu-

270 610 273 615 .
312 523 382 596 lius
402 529 630 616 praereptae
656 526 812 597 rationes
836 525 1028 618 adportant
1052 526 1217 598 viatores.
1247 525 1317 598 Sed
1338 524 1434 595 nihil

312 638 488 732 estquod
515 641 641 712 batava
669 660 727 712 ars
757 661 777 711 a
800 641 997 733 peregrinis
1021 648 1174 721 metuat,
1203 648 1326 731 utpote
1350 659 1435 730 quae

314 756 465 827 nimium
483 777 504 826 a
523 751 659 828 oa'eteris
680 755 815 835 differt,
848 755 1073 846 nimiumque
1100 757 1136 827 iu
1165 756 1266 828 tardo
1291 773 1357 826 suo
1375 755 1436 845 ju-

313 872 405 944 dieio
426 871 629 944 obstinatur
653 869 717 965 (1).
736 872 879 944 decidet
894 870 982 944 torte
1002 881 1039 945 ut
1053 878 1329 964 corrumpantur
1346 888 1436 941 non·
1552 881 1554 900 ¹

314 987 424 1067 nnlli;
445 987 628 1078 planisque
647 995 766 1060 autem
792 988 880 1059 satis
901 987 967 1059 erit
995 987 1147 1060 iruotom
1173 1007 1215 1059 ex
1234 985 1436 1058 commodis
1551 981 1556 1082 ’ξ

313 1103 432 1174 italien
460 1102 583 1175 labore
614 1103 725 1194 partis
757 1121 903 1194 capere,
938 1121 1003 1174 neo
1029 1102 1214 1195 proprium
1245 1101 1434 1194 ingenium
1554 1087 1556 1132 ³

340 1217 523 1290 erielitari.

279 1371 281 1376 .
314 1235 460 1406 pInter
479 1334 894 1424 primosmemorandus
921 1342 975 1406 est
999 1336 1155 1406 ioannes
1185 1335 1316 1415 Swart,
1349 1335 1441 1405 Gro·
1557 1309 1558 1312 Ὺ

315 1449 503 1540 bingensis
527 1449 635 1543 (anno
659 1453 749 1524 1169
779 1447 915 1542 natus),
945 1450 1007 1540 qui
1027 1449 1185 1521 Venetiae
1211 1449 1434 1532 demoratur,

317 1566 467 1637 Bellinio
492 1573 527 1638 et
547 1565 728 1657 Giorgioni
760 1566 893 1647 studet,
930 1565 1100 1656 operibus
1133 1565 1208 1636 sois
1238 1565 1437 1637 subscribit

322 1680 531 1752 ‹Giovanni
552 1681 596 1753 de
617 1682 742 1763 Frisia
765 1709 781 1744 ›
803 1691 838 1752 et
858 1682 1015 1752 sobolum
1036 1681 1170 1752 Gondae
1192 1681 1362 1754 institnit.
1386 1721 1437 1730 -
1560 1747 1561 1752 ,

315 1798 471 1870 loannes
516 1799 683 1882 Soboorl,
728 1798 972 1869 Harlemensis
1017 1794 1275 1890 (11951661),
1320 1798 1438 1887 Belgae

267 1999 268 2002 Ἴ
315 1912 464 1984 Ioannis
488 1914 667 1999 Gossaert,
693 1915 851 1984 romanis
868 1912 998 1985 studiis
1018 1912 1248 1994 deditissimi,
1270 1912 1434 2002 distipu-

315 2026 385 2110 luS,
415 2030 519 2119 longa
548 2030 675 2102 itinera
701 2030 913 2115 Venetiam,
943 2029 1150 2100 interram
1181 2030 1368 2109 Sanctam,
1399 2034 1438 2099 et

314 2141 439 2232 postea
460 2145 605 2214 Romam
632 2143 794 2226 oonfioit;
822 2144 870 2215 ibi
902 2144 1117 2234 Rapbaelem
1142 2151 1177 2215 et
1197 2143 1436 2233 bliebelange-

314 2257 388 2328 lum
410 2258 583 2341 imitatur,
606 2260 798 2350 etiamque,
827 2260 895 2331 snb
925 2258 1042 2330 batavi
1070 2260 1186 2348 Papae
1213 2258 1362 2330 Adriani
1388 2259 1437 2329 Vl

314 2358 530 2464 principatu,
549 2375 793 2454 iitBelvederii
812 2383 952 2456 onstos;
973 2374 1115 2447 tandem
1134 2375 1169 2444 in
1187 2374 1311 2446 urbem
1330 2392 1437 2445 suam

318 2488 486 2583 (Utreobt)
511 2509 706 2582 regressus,
730 2492 875 2584 piotoris
896 2489 1073 2562 officinam
1091 2489 1198 2560 simul
1219 2497 1254 2560 et
1272 2490 1435 2561 sobolem

313 2602 513 2676 italicorum
535 2607 735 2678 studiorum
757 2607 890 2697 aperit,
918 2607 955 2677 in
980 2608 1052 2698 qud
1072 2605 1238 2695 discipuli
1260 2605 1436 2677 eruditio·
1510 2624 1515 2632 ·

198 2727 200 2730 ·
314 2719 371 2790 nis
385 2720 557 2809 jactantia
583 2724 791 2812 magistrum
813 2729 1005 2812 superant,
1029 2722 1089 2812 qui
1116 2721 1241 2792 saltem
1268 2720 1436 2859 singola·

314 2853 388 2906 rem
409 2834 567 2908 indolem
589 2856 690 2908 suam
712 2856 852 2935 servare
872 2837 1103 2908 valuerat·

363 2952 414 3022 Ex
443 2951 575 3041 quibus
609 2928 882 3034 celeberrimus,
912 2955 1069 3025 Maarten
1100 2973 1164 3036 ran
1193 2953 1439 3036 Heemskerek

317 3064 570 3160 (11981671),
600 3068 716 3140 dietus
746 3095 761 3133 r
787 3070 939 3142 Bataviae
965 3069 1265 3160 Miobelangelus,
1295 3093 1309 3130 r
1335 3085 1439 3138 sum-

315 3201 417 3278 mum
432 3183 666 3256 artiiieemre
690 3186 770 3275 ipsa
794 3185 955 3257 imitatus
983 3192 1058 3267 est,
1089 3203 1200 3276 quum
1226 3185 1264 3255 in
1293 3183 1437 3256 ltaliam

313 3297 619 3389 peregrinaretur,
648 3299 712 3372 sed
738 3300 817 3371 sine
839 3299 975 3389 juditio
1003 3307 1036 3371 et
1059 3301 1138 3371 sine
1162 3298 1282 3370 modo.
1304 3295 1439 3368 Pardm

312 3419 417 3503 aptus
440 3413 485 3485 ad
510 3414 762 3506 intelligendas
783 3415 847 3485 viri
868 3414 985 3499 ideas,
1012 3415 1101 3486 nibil
1130 3414 1269 3487 alinde
1290 3411 1440 3485 Sirtiua

314 3527 419 3599 refert
439 3529 509 3600 nisi
530 3538 709 3602 contortos
731 3531 876 3603 babitus
896 3539 930 3602 et
951 3522 1111 3646 turbatos
1132 3538 1277 3621 gestus,
1300 3525 1436 3601 s'ensds

313 3650 347 3714 et
366 3661 439 3735 oogr
444 3645 590 3717 atronis
610 3648 743 3737 pariter
764 3655 945 3736 expertes
1161 3661 1164 3667 ’
1239 3661 1241 3666 ’
1304 3659 1305 3664 ’

363 3760 445 3830 Post
463 3760 579 3843 illum,
600 3762 761 3835 Cornelis
778 3783 843 3834 rau
860 3763 1024 3833 Haarlem
1045 3760 1153 3856 (anno
1177 3764 1268 3833 1661
1289 3757 1433 3854 natus),

311 3872 349 3944 id
382 3872 520 3946 tantum
553 3875 674 3946 conari
704 3876 842 3948 videtur
876 3884 913 3946 ut
939 3875 1203 3948 difficultates
1195 3896 1233 3947 tn
1261 3874 1439 3966 operibus
1521 3874 1526 3882 '

312 3988 628 4072 suisaoeumulet,
655 3991 788 4062 etsine
817 3990 889 4062 line
916 3991 1160 4072 autratione,
1183 3990 1364 4062 devincat
1388 4030 1443 4042 -

314 4083 507 4212 Heindriek
535 4105 692 4177 Goltsius
719 4104 842 4199 (1558-
831 4105 963 4196 1617)
982 4085 1076 4178 inter
1102 4108 1277 4178 Durerum
1302 4113 1336 4179 et
1362 4106 1436 4178 1111-

346 4405 380 4467 (1)
396 4405 504 4468 Religio
520 4419 631 4468 quoque
647 4406 779 4482 Bataviae,
796 4405 973 4455 vindicandae
987 4406 1123 4454 libertatis
1136 4389 1334 4454 certaminibus
1348 4407 1447 4456 conci·

316 4488 381 4545 tata,
397 4483 471 4532 illam
487 4487 521 4533 ab
536 4486 629 4534 italice
643 4487 814 4535 humanitate
828 4491 875 4548 (ne
889 4486 979 4535 dicam
994 4487 1210 4548 paganismum)
1225 4489 1327 4534 tuetur.
