<?xml version="1.0" encoding="UTF-8"?>
<!DOCTYPE html PUBLIC "-//W3C//DTD XHTML 1.0 Transitional//EN"
    "http://www.w3.org/TR/xhtml1/DTD/xhtml1-transitional.dtd">
<html xmlns="http://www.w3.org/1999/xhtml" xml:lang="en" lang="en">
 <head>
  <title>
</title>
<meta http-equiv="Content-Type" content="text/html;charset=utf-8" />
  <meta name='ocr-system' content='tesseract 3.04.00' />
  <meta name='ocr-capabilities' content='ocr_page ocr_carea ocr_par ocr_line ocrx_word'/>
</head>
<body>
  <div class='ocr_page' id='page_1' title='image "./curarspicturaea01rollgoog_0060.png"; bbox 0 0 3176 5152; ppageno 0'>
   <div class='ocr_carea' id='block_1_1' title="bbox 781 431 940 508">
    <p class='ocr_par' dir='ltr' id='par_1_1' title="bbox 781 431 940 508">
     <span class='ocr_line' id='line_1_1' title="bbox 781 431 940 508; baseline 0 -15"><span class='ocrx_word' id='word_1_1' title='bbox 781 431 940 508; x_wconf 73' lang='lat' dir='ltr'>-5t..&#39;</span> 
     </span>
    </p>
   </div>
   <div class='ocr_carea' id='block_1_2' title="bbox 208 571 1435 2985">
    <p class='ocr_par' dir='ltr' id='par_1_2' title="bbox 208 571 1424 1372">
     <span class='ocr_line' id='line_1_2' title="bbox 208 571 1418 678; baseline -0.003 -18"><span class='ocrx_word' id='word_1_2' title='bbox 208 571 238 628; x_wconf 68' lang='grc' dir='ltr'><em>Ψ</em></span> <span class='ocrx_word' id='word_1_3' title='bbox 304 605 383 662; x_wconf 92' lang='lat' dir='ltr'>rum</span> <span class='ocrx_word' id='word_1_4' title='bbox 414 593 448 660; x_wconf 87' lang='lat' dir='ltr'>et</span> <span class='ocrx_word' id='word_1_5' title='bbox 482 574 691 659; x_wconf 85' lang='lat' dir='ltr'>acerborum</span> <span class='ocrx_word' id='word_1_6' title='bbox 725 584 924 676; x_wconf 80' lang='lat' dir='ltr'>exquisitas</span> <span class='ocrx_word' id='word_1_7' title='bbox 950 577 1154 656; x_wconf 75' lang='lat' dir='ltr'>&#39;munditias</span> <span class='ocrx_word' id='word_1_8' title='bbox 1184 579 1231 678; x_wconf 75' lang='lat' dir='ltr'>(l)</span> <span class='ocrx_word' id='word_1_9' title='bbox 1265 577 1418 656; x_wconf 89' lang='lat' dir='ltr'>mirabili</span> 
     </span>
     <span class='ocr_line' id='line_1_3' title="bbox 306 699 1419 794; baseline -0.005 -18"><span class='ocrx_word' id='word_1_10' title='bbox 306 703 413 776; x_wconf 94' lang='lat' dir='ltr'>modo</span> <span class='ocrx_word' id='word_1_11' title='bbox 432 703 542 776; x_wconf 80' lang='lat' dir='ltr'><strong>sentit</strong></span> <span class='ocrx_word' id='word_1_12' title='bbox 563 709 597 774; x_wconf 91' lang='lat' dir='ltr'>el</span> <span class='ocrx_word' id='word_1_13' title='bbox 612 702 794 794; x_wconf 75' lang='lat' dir='ltr'>exprimit.</span> <span class='ocrx_word' id='word_1_14' title='bbox 813 702 923 780; x_wconf 91' lang='lat' dir='ltr'>Nemo</span> <span class='ocrx_word' id='word_1_15' title='bbox 941 701 995 773; x_wconf 93' lang='lat' dir='ltr'>illi</span> <span class='ocrx_word' id='word_1_16' title='bbox 1014 719 1079 792; x_wconf 92' lang='lat' dir='ltr'>par</span> <span class='ocrx_word' id='word_1_17' title='bbox 1092 707 1147 772; x_wconf 89' lang='lat' dir='ltr'>est</span> <span class='ocrx_word' id='word_1_18' title='bbox 1162 700 1200 771; x_wconf 93' lang='lat' dir='ltr'>in</span> <span class='ocrx_word' id='word_1_19' title='bbox 1216 699 1419 771; x_wconf 78' lang='lat' dir='ltr'>animandis</span> 
     </span>
     <span class='ocr_line' id='line_1_4' title="bbox 305 815 1419 908; baseline -0.005 -16"><span class='ocrx_word' id='word_1_20' title='bbox 305 820 573 892; x_wconf 72' lang='lat' dir='ltr'>delicatioribus</span> <span class='ocrx_word' id='word_1_21' title='bbox 605 826 639 890; x_wconf 90' lang='lat' dir='ltr'>et</span> <span class='ocrx_word' id='word_1_22' title='bbox 669 818 773 908; x_wconf 89' lang='lat' dir='ltr'>quasi</span> <span class='ocrx_word' id='word_1_23' title='bbox 804 817 994 908; x_wconf 77' lang='lat' dir='ltr'>pellucidis</span> <span class='ocrx_word' id='word_1_24' title='bbox 1024 815 1212 904; x_wconf 90' lang='lat' dir='ltr'>carnibus;</span> <span class='ocrx_word' id='word_1_25' title='bbox 1245 834 1352 888; x_wconf 92' lang='lat' dir='ltr'>nemo</span> <span class='ocrx_word' id='word_1_26' title='bbox 1379 833 1419 887; x_wconf 91' lang='lat' dir='ltr'>ex</span> 
     </span>
     <span class='ocr_line' id='line_1_5' title="bbox 306 921 1420 1024; baseline -0.005 -18"><span class='ocrx_word' id='word_1_27' title='bbox 306 921 664 1007; x_wconf 48' lang='lat' dir='ltr'>Florentinis&#39;artem</span> <span class='ocrx_word' id='word_1_28' title='bbox 694 941 764 1004; x_wconf 90' lang='lat' dir='ltr'>tam</span> <span class='ocrx_word' id='word_1_29' title='bbox 791 934 952 1024; x_wconf 83' lang='lat' dir='ltr'>sapidam</span> <span class='ocrx_word' id='word_1_30' title='bbox 981 940 1016 1006; x_wconf 89' lang='lat' dir='ltr'>et</span> <span class='ocrx_word' id='word_1_31' title='bbox 1038 951 1217 1005; x_wconf 84' lang='lat' dir='ltr'>amoenam</span> <span class='ocrx_word' id='word_1_32' title='bbox 1242 932 1420 1004; x_wconf 87' lang='lat' dir='ltr'>exhibuit.</span> 
     </span>
     <span class='ocr_line' id='line_1_6' title="bbox 306 1047 1422 1141; baseline -0.004 -21"><span class='ocrx_word' id='word_1_33' title='bbox 306 1051 483 1140; x_wconf 80' lang='lat' dir='ltr'>lienique,</span> <span class='ocrx_word' id='word_1_34' title='bbox 508 1051 646 1141; x_wconf 91' lang='lat' dir='ltr'>primus</span> <span class='ocrx_word' id='word_1_35' title='bbox 665 1050 841 1128; x_wconf 89' lang='lat' dir='ltr'>omnium,</span> <span class='ocrx_word' id='word_1_36' title='bbox 864 1048 1090 1138; x_wconf 81' lang='lat' dir='ltr'>simplicibus</span> <span class='ocrx_word' id='word_1_37' title='bbox 1110 1047 1422 1141; x_wconf 84' lang='lat' dir='ltr'>rurisprospec&#39;ti-</span> 
     </span>
     <span class='ocr_line' id='line_1_7' title="bbox 305 1153 1424 1246; baseline -0.005 -9"><span class='ocrx_word' id='word_1_38' title='bbox 305 1166 374 1237; x_wconf 93' lang='lat' dir='ltr'>bus</span> <span class='ocrx_word' id='word_1_39' title='bbox 395 1165 546 1246; x_wconf 88' lang='lat' dir='ltr'>studuit,</span> <span class='ocrx_word' id='word_1_40' title='bbox 568 1173 602 1237; x_wconf 93' lang='lat' dir='ltr'>et</span> <span class='ocrx_word' id='word_1_41' title='bbox 621 1165 804 1238; x_wconf 89' lang='lat' dir='ltr'>codicillos</span> <span class='ocrx_word' id='word_1_42' title='bbox 825 1183 910 1235; x_wconf 92' lang='lat' dir='ltr'>suos</span> <span class='ocrx_word' id='word_1_43' title='bbox 932 1163 1039 1236; x_wconf 88' lang='lat' dir='ltr'>meris</span> <span class='ocrx_word' id='word_1_44' title='bbox 1060 1183 1193 1244; x_wconf 91' lang='lat' dir='ltr'>rerum,</span> <span class='ocrx_word' id='word_1_45' title='bbox 1211 1153 1249 1234; x_wconf 94' lang='lat' dir='ltr'>in</span> <span class='ocrx_word' id='word_1_46' title='bbox 1270 1161 1424 1234; x_wconf 91' lang='lat' dir='ltr'>transitu</span> 
     </span>
     <span class='ocr_line' id='line_1_8' title="bbox 307 1275 1255 1372; baseline -0.003 -22"><span class='ocrx_word' id='word_1_47' title='bbox 307 1279 627 1370; x_wconf 89' lang='lat' dir='ltr'>deprehensarum,</span> <span class='ocrx_word' id='word_1_48' title='bbox 650 1280 987 1351; x_wconf 80' lang='lat' dir='ltr'>adumbrationibus</span> <span class='ocrx_word' id='word_1_49' title='bbox 1007 1278 1168 1370; x_wconf 88' lang='lat' dir='ltr'>implevit</span> <span class='ocrx_word' id='word_1_50' title='bbox 1190 1275 1201 1372; x_wconf 71' lang='lat' dir='ltr'>l</span> <span class='ocrx_word' id='word_1_51' title='bbox 1226 1275 1255 1370; x_wconf 71' lang='lat' dir='ltr'>i.</span> 
     </span>
    </p>

    <p class='ocr_par' dir='ltr' id='par_1_3' title="bbox 308 1392 1435 2985">
     <span class='ocr_line' id='line_1_9' title="bbox 357 1392 1424 1491; baseline -0.002 -28"><span class='ocrx_word' id='word_1_52' title='bbox 357 1394 449 1491; x_wconf 87' lang='lat' dir='ltr'>Quid</span> <span class='ocrx_word' id='word_1_53' title='bbox 469 1395 577 1485; x_wconf 80' lang='lat' dir='ltr'>igitur</span> <span class='ocrx_word' id='word_1_54' title='bbox 597 1395 647 1466; x_wconf 94' lang='lat' dir='ltr'>illi</span> <span class='ocrx_word' id='word_1_55' title='bbox 669 1393 793 1468; x_wconf 85' lang='lat' dir='ltr'>deest?</span> <span class='ocrx_word' id='word_1_56' title='bbox 820 1396 926 1466; x_wconf 84' lang='lat' dir='ltr'>botes</span> <span class='ocrx_word' id='word_1_57' title='bbox 953 1411 1078 1465; x_wconf 91' lang='lat' dir='ltr'>omnes</span> <span class='ocrx_word' id='word_1_58' title='bbox 1102 1392 1211 1464; x_wconf 89' lang='lat' dir='ltr'>babet</span> <span class='ocrx_word' id='word_1_59' title='bbox 1236 1410 1318 1482; x_wconf 84' lang='lat' dir='ltr'>quae</span> <span class='ocrx_word' id='word_1_60' title='bbox 1346 1410 1424 1461; x_wconf 93' lang='lat' dir='ltr'>ma·</span> 
     </span>
     <span class='ocr_line' id='line_1_10' title="bbox 308 1509 1425 1602; baseline -0.003 -22"><span class='ocrx_word' id='word_1_61' title='bbox 308 1529 416 1600; x_wconf 81' lang='lat' dir='ltr'>gnum</span> <span class='ocrx_word' id='word_1_62' title='bbox 442 1511 611 1601; x_wconf 88' lang='lat' dir='ltr'>pictorem</span> <span class='ocrx_word' id='word_1_63' title='bbox 645 1511 797 1593; x_wconf 87' lang='lat' dir='ltr'>iaciunt;</span> <span class='ocrx_word' id='word_1_64' title='bbox 828 1511 901 1580; x_wconf 88' lang='lat' dir='ltr'>illis</span> <span class='ocrx_word' id='word_1_65' title='bbox 927 1518 1021 1582; x_wconf 89' lang='lat' dir='ltr'>caret</span> <span class='ocrx_word' id='word_1_66' title='bbox 1047 1510 1180 1599; x_wconf 88' lang='lat' dir='ltr'>quibus</span> <span class='ocrx_word' id='word_1_67' title='bbox 1205 1509 1246 1580; x_wconf 89' lang='lat' dir='ltr'>fit</span> <span class='ocrx_word' id='word_1_68' title='bbox 1274 1527 1425 1602; x_wconf 80' lang='lat' dir='ltr'>magnus</span> 
     </span>
     <span class='ocr_line' id='line_1_11' title="bbox 308 1623 1431 1718; baseline -0.001 -23"><span class='ocrx_word' id='word_1_69' title='bbox 308 1627 373 1696; x_wconf 88' lang='lat' dir='ltr'>nir.</span> <span class='ocrx_word' id='word_1_70' title='bbox 397 1627 750 1700; x_wconf 81' lang='lat' dir='ltr'>Animusintcllectn</span> <span class='ocrx_word' id='word_1_71' title='bbox 773 1627 890 1697; x_wconf 89' lang='lat' dir='ltr'>minor</span> <span class='ocrx_word' id='word_1_72' title='bbox 908 1634 976 1718; x_wconf 82' lang='lat' dir='ltr'>est,</span> <span class='ocrx_word' id='word_1_73' title='bbox 998 1627 1176 1716; x_wconf 81' lang='lat' dir='ltr'>benignus</span> <span class='ocrx_word' id='word_1_74' title='bbox 1198 1623 1358 1715; x_wconf 85' lang='lat' dir='ltr'>quidem,</span> <span class='ocrx_word' id='word_1_75' title='bbox 1382 1631 1431 1717; x_wconf 60' lang='lat' dir='ltr'>tef</span> 
     </span>
     <span class='ocr_line' id='line_1_12' title="bbox 309 1739 1430 1832; baseline -0.002 -22"><span class='ocrx_word' id='word_1_76' title='bbox 309 1758 385 1819; x_wconf 89' lang='lat' dir='ltr'>ner,</span> <span class='ocrx_word' id='word_1_77' title='bbox 406 1740 599 1831; x_wconf 82' lang='lat' dir='ltr'>ingenuus,</span> <span class='ocrx_word' id='word_1_78' title='bbox 630 1741 763 1813; x_wconf 88' lang='lat' dir='ltr'>amoris</span> <span class='ocrx_word' id='word_1_79' title='bbox 790 1743 932 1832; x_wconf 88' lang='lat' dir='ltr'>plenus,</span> <span class='ocrx_word' id='word_1_80' title='bbox 953 1739 1073 1813; x_wconf 88' lang='lat' dir='ltr'>rcrinn</span> <span class='ocrx_word' id='word_1_81' title='bbox 1095 1759 1160 1812; x_wconf 89' lang='lat' dir='ltr'>nec</span> <span class='ocrx_word' id='word_1_82' title='bbox 1178 1739 1338 1831; x_wconf 82' lang='lat' dir='ltr'>grandis,</span> <span class='ocrx_word' id='word_1_83' title='bbox 1362 1756 1430 1822; x_wconf 84' lang='lat' dir='ltr'>neo</span> 
     </span>
     <span class='ocr_line' id='line_1_13' title="bbox 309 1840 1431 1947; baseline -0.001 -21"><span class='ocrx_word' id='word_1_84' title='bbox 309 1857 416 1940; x_wconf 87' lang='lat' dir='ltr'>altus.</span> <span class='ocrx_word' id='word_1_85' title='bbox 439 1856 618 1928; x_wconf 82' lang='lat' dir='ltr'>Deficiunt</span> <span class='ocrx_word' id='word_1_86' title='bbox 637 1857 746 1929; x_wconf 91' lang='lat' dir='ltr'>subiti</span> <span class='ocrx_word' id='word_1_87' title='bbox 764 1857 898 1947; x_wconf 81' lang='lat' dir='ltr'>ingenii</span> <span class='ocrx_word' id='word_1_88' title='bbox 918 1855 1090 1937; x_wconf 90' lang='lat' dir='ltr'>intuitus;</span> <span class='ocrx_word' id='word_1_89' title='bbox 1109 1840 1229 1928; x_wconf 83' lang='lat' dir='ltr'>delicit</span> <span class='ocrx_word' id='word_1_90' title='bbox 1246 1854 1353 1925; x_wconf 92' lang='lat' dir='ltr'>ardor</span> <span class='ocrx_word' id='word_1_91' title='bbox 1367 1854 1431 1925; x_wconf 90' lang='lat' dir='ltr'>illc</span> 
     </span>
     <span class='ocr_line' id='line_1_14' title="bbox 310 1970 1430 2066; baseline -0.003 -23"><span class='ocrx_word' id='word_1_92' title='bbox 310 1991 381 2062; x_wconf 89' lang='lat' dir='ltr'>quo</span> <span class='ocrx_word' id='word_1_93' title='bbox 403 1973 592 2044; x_wconf 87' lang='lat' dir='ltr'>Castanius</span> <span class='ocrx_word' id='word_1_94' title='bbox 616 1970 834 2066; x_wconf 74' lang='lat' dir='ltr'>(destagno),</span> <span class='ocrx_word' id='word_1_95' title='bbox 856 1972 964 2043; x_wconf 92' lang='lat' dir='ltr'>simul</span> <span class='ocrx_word' id='word_1_96' title='bbox 984 1979 1018 2044; x_wconf 93' lang='lat' dir='ltr'>et</span> <span class='ocrx_word' id='word_1_97' title='bbox 1037 1971 1153 2063; x_wconf 81' lang='lat' dir='ltr'>gravis</span> <span class='ocrx_word' id='word_1_98' title='bbox 1178 1970 1430 2061; x_wconf 83' lang='lat' dir='ltr'>potentiaque</span> 
     </span>
     <span class='ocr_line' id='line_1_15' title="bbox 311 2085 1432 2178; baseline -0.003 -20"><span class='ocrx_word' id='word_1_99' title='bbox 311 2087 568 2159; x_wconf 86' lang='lat' dir='ltr'>Gbirlnndaius</span> <span class='ocrx_word' id='word_1_100' title='bbox 588 2106 643 2159; x_wconf 92' lang='lat' dir='ltr'>rcs</span> <span class='ocrx_word' id='word_1_101' title='bbox 662 2087 900 2178; x_wconf 85' lang='lat' dir='ltr'>amplectitur.</span> <span class='ocrx_word' id='word_1_102' title='bbox 924 2089 962 2157; x_wconf 93' lang='lat' dir='ltr'>ln</span> <span class='ocrx_word' id='word_1_103' title='bbox 984 2086 1150 2176; x_wconf 87' lang='lat' dir='ltr'>amplexu</span> <span class='ocrx_word' id='word_1_104' title='bbox 1171 2085 1344 2164; x_wconf 85' lang='lat' dir='ltr'>ueritatis,</span> <span class='ocrx_word' id='word_1_105' title='bbox 1367 2101 1432 2155; x_wconf 89' lang='lat' dir='ltr'>ne·</span> 
     </span>
     <span class='ocr_line' id='line_1_16' title="bbox 312 2199 1431 2291; baseline -0.001 -20"><span class='ocrx_word' id='word_1_106' title='bbox 312 2221 382 2291; x_wconf 90' lang='lat' dir='ltr'>que</span> <span class='ocrx_word' id='word_1_107' title='bbox 404 2203 486 2272; x_wconf 89' lang='lat' dir='ltr'>altis</span> <span class='ocrx_word' id='word_1_108' title='bbox 506 2209 540 2273; x_wconf 89' lang='lat' dir='ltr'>et</span> <span class='ocrx_word' id='word_1_109' title='bbox 567 2201 728 2274; x_wconf 86' lang='lat' dir='ltr'>delicatis</span> <span class='ocrx_word' id='word_1_110' title='bbox 746 2201 920 2273; x_wconf 88' lang='lat' dir='ltr'>Leonardi</span> <span class='ocrx_word' id='word_1_111' title='bbox 949 2201 1104 2284; x_wconf 88' lang='lat' dir='ltr'>deliciis,</span> <span class='ocrx_word' id='word_1_112' title='bbox 1138 2219 1256 2290; x_wconf 86' lang='lat' dir='ltr'>neque</span> <span class='ocrx_word' id='word_1_113' title='bbox 1278 2199 1431 2291; x_wconf 85' lang='lat' dir='ltr'>juvenili</span> 
     </span>
     <span class='ocr_line' id='line_1_17' title="bbox 312 2314 1433 2408; baseline 0 -22"><span class='ocrx_word' id='word_1_114' title='bbox 312 2317 504 2407; x_wconf 87' lang='lat' dir='ltr'>Rapbaelis</span> <span class='ocrx_word' id='word_1_115' title='bbox 523 2319 666 2388; x_wconf 88' lang='lat' dir='ltr'>caritate</span> <span class='ocrx_word' id='word_1_116' title='bbox 694 2316 834 2388; x_wconf 79' lang='lat' dir='ltr'>fruitur.</span> <span class='ocrx_word' id='word_1_117' title='bbox 862 2317 971 2389; x_wconf 88' lang='lat' dir='ltr'>Multb</span> <span class='ocrx_word' id='word_1_118' title='bbox 1000 2314 1120 2387; x_wconf 88' lang='lat' dir='ltr'>minirs</span> <span class='ocrx_word' id='word_1_119' title='bbox 1147 2317 1255 2388; x_wconf 89' lang='lat' dir='ltr'>ctiam</span> <span class='ocrx_word' id='word_1_120' title='bbox 1285 2323 1433 2408; x_wconf 81' lang='lat' dir='ltr'>urgetur</span> 
     </span>
     <span class='ocr_line' id='line_1_18' title="bbox 311 2423 1434 2524; baseline 0.003 -24"><span class='ocrx_word' id='word_1_121' title='bbox 311 2432 587 2504; x_wconf 83' lang='lat' dir='ltr'>vehementibus</span> <span class='ocrx_word' id='word_1_122' title='bbox 618 2423 883 2524; x_wconf 84' lang='lat' dir='ltr'>voluptatibus,¹</span> <span class='ocrx_word' id='word_1_123' title='bbox 913 2439 953 2504; x_wconf 93' lang='lat' dir='ltr'>ut</span> <span class='ocrx_word' id='word_1_124' title='bbox 983 2451 1043 2504; x_wconf 92' lang='lat' dir='ltr'>eas</span> <span class='ocrx_word' id='word_1_125' title='bbox 1077 2434 1266 2524; x_wconf 88' lang='lat' dir='ltr'>exprimat.</span> <span class='ocrx_word' id='word_1_126' title='bbox 1301 2428 1434 2504; x_wconf 83' lang='lat' dir='ltr'>Exaotb</span> 
     </span>
     <span class='ocr_line' id='line_1_19' title="bbox 312 2546 1432 2643; baseline 0 -25"><span class='ocrx_word' id='word_1_127' title='bbox 312 2547 408 2619; x_wconf 88' lang='lat' dir='ltr'>videt</span> <span class='ocrx_word' id='word_1_128' title='bbox 428 2554 462 2619; x_wconf 93' lang='lat' dir='ltr'>et</span> <span class='ocrx_word' id='word_1_129' title='bbox 481 2549 559 2619; x_wconf 93' lang='lat' dir='ltr'>sine</span> <span class='ocrx_word' id='word_1_130' title='bbox 579 2567 698 2620; x_wconf 86' lang='lat' dir='ltr'>errore</span> <span class='ocrx_word' id='word_1_131' title='bbox 718 2549 828 2620; x_wconf 89' lang='lat' dir='ltr'>sentit</span> <span class='ocrx_word' id='word_1_132' title='bbox 850 2546 885 2643; x_wconf 76' lang='lat' dir='ltr'>(r</span> <span class='ocrx_word' id='word_1_133' title='bbox 903 2567 1010 2620; x_wconf 88' lang='lat' dir='ltr'>senza</span> <span class='ocrx_word' id='word_1_134' title='bbox 1029 2550 1141 2621; x_wconf 90' lang='lat' dir='ltr'>errori</span> <span class='ocrx_word' id='word_1_135' title='bbox 1162 2546 1214 2641; x_wconf 84' lang='lat'>›),</span> <span class='ocrx_word' id='word_1_136' title='bbox 1237 2557 1270 2620; x_wconf 86' lang='lat' dir='ltr'>el</span> <span class='ocrx_word' id='word_1_137' title='bbox 1289 2549 1327 2618; x_wconf 94' lang='lat' dir='ltr'>in</span> <span class='ocrx_word' id='word_1_138' title='bbox 1349 2566 1432 2619; x_wconf 93' lang='lat' dir='ltr'>ocu·</span> 
     </span>
     <span class='ocr_line' id='line_1_20' title="bbox 311 2663 1433 2753; baseline 0.002 -21"><span class='ocrx_word' id='word_1_139' title='bbox 311 2663 426 2734; x_wconf 89' lang='lat' dir='ltr'>lorum</span> <span class='ocrx_word' id='word_1_140' title='bbox 447 2663 522 2734; x_wconf 92' lang='lat' dir='ltr'>acie</span> <span class='ocrx_word' id='word_1_141' title='bbox 538 2663 700 2736; x_wconf 91' lang='lat' dir='ltr'>innatum</span> <span class='ocrx_word' id='word_1_142' title='bbox 718 2663 909 2753; x_wconf 90' lang='lat' dir='ltr'>quemdam</span> <span class='ocrx_word' id='word_1_143' title='bbox 926 2683 1097 2747; x_wconf 90' lang='lat' dir='ltr'>amorem,</span> <span class='ocrx_word' id='word_1_144' title='bbox 1121 2664 1300 2735; x_wconf 90' lang='lat' dir='ltr'>sincerum</span> <span class='ocrx_word' id='word_1_145' title='bbox 1323 2670 1433 2752; x_wconf 89' lang='lat' dir='ltr'>atque</span> 
     </span>
     <span class='ocr_line' id='line_1_21' title="bbox 312 2776 1432 2871; baseline -0.001 -23"><span class='ocrx_word' id='word_1_146' title='bbox 312 2778 504 2849; x_wconf 88' lang='lat' dir='ltr'>bonestum</span> <span class='ocrx_word' id='word_1_147' title='bbox 527 2779 629 2869; x_wconf 80' lang='lat' dir='ltr'>gerit.</span> <span class='ocrx_word' id='word_1_148' title='bbox 657 2776 803 2850; x_wconf 81' lang='lat' dir='ltr'>Minime</span> <span class='ocrx_word' id='word_1_149' title='bbox 831 2780 971 2870; x_wconf 81' lang='lat' dir='ltr'>ignorat</span> <span class='ocrx_word' id='word_1_150' title='bbox 995 2779 1082 2871; x_wconf 87' lang='lat' dir='ltr'>quid</span> <span class='ocrx_word' id='word_1_151' title='bbox 1111 2779 1180 2851; x_wconf 93' lang='lat' dir='ltr'>sibi</span> <span class='ocrx_word' id='word_1_152' title='bbox 1206 2778 1319 2860; x_wconf 92' lang='lat' dir='ltr'>desit;</span> <span class='ocrx_word' id='word_1_153' title='bbox 1347 2796 1432 2848; x_wconf 90' lang='lat' dir='ltr'>nam</span> 
     </span>
     <span class='ocr_line' id='line_1_22' title="bbox 313 2891 1435 2985; baseline 0.002 -23"><span class='ocrx_word' id='word_1_154' title='bbox 313 2892 351 2962; x_wconf 94' lang='lat' dir='ltr'>in</span> <span class='ocrx_word' id='word_1_155' title='bbox 380 2893 567 2984; x_wconf 83' lang='lat' dir='ltr'>cogitando</span> <span class='ocrx_word' id='word_1_156' title='bbox 597 2891 752 2965; x_wconf 90' lang='lat' dir='ltr'>debilior</span> <span class='ocrx_word' id='word_1_157' title='bbox 781 2900 835 2966; x_wconf 91' lang='lat' dir='ltr'>cst</span> <span class='ocrx_word' id='word_1_158' title='bbox 863 2893 969 2984; x_wconf 81' lang='lat' dir='ltr'>qubm</span> <span class='ocrx_word' id='word_1_159' title='bbox 995 2895 1033 2966; x_wconf 94' lang='lat' dir='ltr'>in</span> <span class='ocrx_word' id='word_1_160' title='bbox 1064 2894 1284 2985; x_wconf 82' lang='lat' dir='ltr'>effingendo,</span> <span class='ocrx_word' id='word_1_161' title='bbox 1315 2911 1435 2983; x_wconf 88' lang='lat' dir='ltr'>neque</span> 
     </span>
    </p>
   </div>
   <div class='ocr_carea' id='block_1_3' title="bbox 313 3109 1440 4620">
    <p class='ocr_par' dir='ltr' id='par_1_4' title="bbox 314 3109 1436 3240">
     <span class='ocr_line' id='line_1_23' title="bbox 345 3109 1436 3174; baseline 0.002 -16"><span class='ocrx_word' id='word_1_162' title='bbox 345 3109 379 3172; x_wconf 81' lang='lat' dir='ltr'>(l)</span> <span class='ocrx_word' id='word_1_163' title='bbox 392 3109 473 3170; x_wconf 83' lang='lat' dir='ltr'>Vide,</span> <span class='ocrx_word' id='word_1_164' title='bbox 487 3111 605 3173; x_wconf 88' lang='lat' dir='ltr'>exempli</span> <span class='ocrx_word' id='word_1_165' title='bbox 620 3112 712 3174; x_wconf 75' lang='lat' dir='ltr'>cause,</span> <span class='ocrx_word' id='word_1_166' title='bbox 727 3112 843 3174; x_wconf 85' lang='lat' dir='ltr'>effigiem</span> <span class='ocrx_word' id='word_1_167' title='bbox 856 3111 1006 3162; x_wconf 85' lang='lat' dir='ltr'>Clementis</span> <span class='ocrx_word' id='word_1_168' title='bbox 1021 3112 1072 3160; x_wconf 92' lang='lat' dir='ltr'>Vll</span> <span class='ocrx_word' id='word_1_169' title='bbox 1088 3111 1189 3160; x_wconf 87' lang='lat' dir='ltr'>dictam</span> <span class='ocrx_word' id='word_1_170' title='bbox 1204 3113 1233 3160; x_wconf 92' lang='lat' dir='ltr'>in</span> <span class='ocrx_word' id='word_1_171' title='bbox 1248 3111 1436 3174; x_wconf 87' lang='lat' dir='ltr'>Neapolitano</span> 
     </span>
     <span class='ocr_line' id='line_1_24' title="bbox 314 3190 420 3240; baseline 0 -1"><span class='ocrx_word' id='word_1_172' title='bbox 314 3190 420 3240; x_wconf 87' lang='lat' dir='ltr'>Museo.</span> 
     </span>
    </p>

    <p class='ocr_par' dir='ltr' id='par_1_5' title="bbox 313 3263 1439 4450">
     <span class='ocr_line' id='line_1_25' title="bbox 348 3263 1435 3334; baseline 0.002 -16"><span class='ocrx_word' id='word_1_173' title='bbox 348 3263 381 3331; x_wconf 58' lang='grc' dir='ltr'>(Ἰ)</span> <span class='ocrx_word' id='word_1_174' title='bbox 407 3270 474 3319; x_wconf 85' lang='lat' dir='ltr'>Haec</span> <span class='ocrx_word' id='word_1_175' title='bbox 503 3275 568 3319; x_wconf 90' lang='lat' dir='ltr'>sunt</span> <span class='ocrx_word' id='word_1_176' title='bbox 601 3272 819 3320; x_wconf 81' lang='lat' dir='ltr'>ambulationum</span> <span class='ocrx_word' id='word_1_177' title='bbox 851 3278 1042 3331; x_wconf 89' lang='lat' dir='ltr'>monumenta,</span> <span class='ocrx_word' id='word_1_178' title='bbox 1073 3273 1146 3321; x_wconf 87' lang='lat' dir='ltr'>diem</span> <span class='ocrx_word' id='word_1_179' title='bbox 1175 3285 1252 3320; x_wconf 89' lang='lat' dir='ltr'>suam</span> <span class='ocrx_word' id='word_1_180' title='bbox 1283 3270 1435 3334; x_wconf 82' lang='lat' dir='ltr'>aliquando</span> 
     </span>
     <span class='ocr_line' id='line_1_26' title="bbox 314 3348 1436 3416; baseline 0.003 -21"><span class='ocrx_word' id='word_1_181' title='bbox 314 3348 432 3398; x_wconf 84' lang='lat' dir='ltr'>ferentia</span> <span class='ocrx_word' id='word_1_182' title='bbox 447 3352 469 3410; x_wconf 83' lang='lat' dir='ltr'>(c</span> <span class='ocrx_word' id='word_1_183' title='bbox 484 3350 514 3400; x_wconf 84' lang='lat'>30</span> <span class='ocrx_word' id='word_1_184' title='bbox 527 3350 626 3400; x_wconf 86' lang='lat' dir='ltr'>Sextili</span> <span class='ocrx_word' id='word_1_185' title='bbox 644 3351 711 3400; x_wconf 68' lang='lat'><strong>1527.</strong></span> <span class='ocrx_word' id='word_1_186' title='bbox 724 3351 812 3400; x_wconf 87' lang='lat' dir='ltr'>Ponte</span> <span class='ocrx_word' id='word_1_187' title='bbox 826 3353 931 3400; x_wconf 87' lang='lat' dir='ltr'>allenza</span> <span class='ocrx_word' id='word_1_188' title='bbox 944 3353 967 3414; x_wconf 84' lang='lat' dir='ltr'>n)</span> <span class='ocrx_word' id='word_1_189' title='bbox 984 3365 989 3401; x_wconf 93' lang='lat'>:</span> <span class='ocrx_word' id='word_1_190' title='bbox 1006 3361 1170 3413; x_wconf 81' lang='lat' dir='ltr'>-agrestes</span> <span class='ocrx_word' id='word_1_191' title='bbox 1183 3357 1355 3416; x_wconf 88' lang='lat' dir='ltr'>prospectus,</span> <span class='ocrx_word' id='word_1_192' title='bbox 1370 3365 1436 3400; x_wconf 89' lang='lat' dir='ltr'>cum</span> 
     </span>
     <span class='ocr_line' id='line_1_27' title="bbox 316 3430 1438 3495; baseline 0.003 -19"><span class='ocrx_word' id='word_1_193' title='bbox 316 3430 441 3478; x_wconf 91' lang='lat' dir='ltr'>venustis</span> <span class='ocrx_word' id='word_1_194' title='bbox 462 3434 489 3478; x_wconf 87' lang='lat' dir='ltr'>et</span> <span class='ocrx_word' id='word_1_195' title='bbox 509 3431 658 3492; x_wconf 86' lang='lat' dir='ltr'>gracilibus</span> <span class='ocrx_word' id='word_1_196' title='bbox 681 3430 776 3493; x_wconf 70' lang='lat' dir='ltr'>linem,</span> <span class='ocrx_word' id='word_1_197' title='bbox 796 3457 827 3466; x_wconf 91' lang='lat'>-</span> <span class='ocrx_word' id='word_1_198' title='bbox 847 3445 984 3480; x_wconf 84' lang='lat' dir='ltr'>messores</span> <span class='ocrx_word' id='word_1_199' title='bbox 1000 3446 1061 3479; x_wconf 90' lang='lat' dir='ltr'>curn</span> <span class='ocrx_word' id='word_1_200' title='bbox 1077 3433 1229 3490; x_wconf 84' lang='lat' dir='ltr'>falciculis,</span> <span class='ocrx_word' id='word_1_201' title='bbox 1245 3443 1438 3495; x_wconf 86' lang='lat' dir='ltr'>-caprarum</span> 
     </span>
     <span class='ocr_line' id='line_1_28' title="bbox 315 3509 1438 3574; baseline 0.003 -19"><span class='ocrx_word' id='word_1_202' title='bbox 315 3521 412 3570; x_wconf 83' lang='lat' dir='ltr'>greges</span> <span class='ocrx_word' id='word_1_203' title='bbox 428 3523 489 3557; x_wconf 89' lang='lat' dir='ltr'>curn</span> <span class='ocrx_word' id='word_1_204' title='bbox 505 3509 677 3565; x_wconf 85' lang='lat' dir='ltr'>custodibus,</span> <span class='ocrx_word' id='word_1_205' title='bbox 693 3514 781 3558; x_wconf 89' lang='lat' dir='ltr'>-aut</span> <span class='ocrx_word' id='word_1_206' title='bbox 794 3512 880 3558; x_wconf 87' lang='lat' dir='ltr'>boves</span> <span class='ocrx_word' id='word_1_207' title='bbox 896 3514 922 3558; x_wconf 91' lang='lat' dir='ltr'>et</span> <span class='ocrx_word' id='word_1_208' title='bbox 934 3515 1059 3572; x_wconf 85' lang='lat' dir='ltr'>pastores</span> <span class='ocrx_word' id='word_1_209' title='bbox 1070 3511 1098 3558; x_wconf 93' lang='lat' dir='ltr'>in</span> <span class='ocrx_word' id='word_1_210' title='bbox 1111 3512 1198 3572; x_wconf 88' lang='lat' dir='ltr'>pratis</span> <span class='ocrx_word' id='word_1_211' title='bbox 1212 3513 1290 3574; x_wconf 85' lang='lat' dir='ltr'>lenti,</span> <span class='ocrx_word' id='word_1_212' title='bbox 1305 3539 1336 3548; x_wconf 95' lang='lat'>—</span> <span class='ocrx_word' id='word_1_213' title='bbox 1350 3525 1438 3560; x_wconf 87' lang='lat' dir='ltr'>vacca</span> 
     </span>
     <span class='ocr_line' id='line_1_29' title="bbox 313 3589 1437 3653; baseline 0.005 -19"><span class='ocrx_word' id='word_1_214' title='bbox 313 3589 393 3650; x_wconf 79' lang='lat' dir='ltr'>juxta</span> <span class='ocrx_word' id='word_1_215' title='bbox 411 3589 530 3638; x_wconf 87' lang='lat' dir='ltr'>rivulum</span> <span class='ocrx_word' id='word_1_216' title='bbox 549 3605 680 3652; x_wconf 86' lang='lat' dir='ltr'>pascens,</span> <span class='ocrx_word' id='word_1_217' title='bbox 696 3590 768 3638; x_wconf 74' lang='lat' dir='ltr'>circa</span> <span class='ocrx_word' id='word_1_218' title='bbox 784 3591 880 3653; x_wconf 87' lang='lat' dir='ltr'>oppidi</span> <span class='ocrx_word' id='word_1_219' title='bbox 898 3604 991 3638; x_wconf 90' lang='lat' dir='ltr'>muros</span> <span class='ocrx_word' id='word_1_220' title='bbox 1007 3592 1086 3651; x_wconf 87' lang='lat' dir='ltr'>cujus</span> <span class='ocrx_word' id='word_1_221' title='bbox 1102 3591 1219 3639; x_wconf 85' lang='lat' dir='ltr'>ecclesia</span> <span class='ocrx_word' id='word_1_222' title='bbox 1236 3596 1264 3640; x_wconf 84' lang='lat' dir='ltr'>et</span> <span class='ocrx_word' id='word_1_223' title='bbox 1279 3592 1332 3640; x_wconf 88' lang='lat' dir='ltr'>alta</span> <span class='ocrx_word' id='word_1_224' title='bbox 1349 3590 1437 3652; x_wconf 84' lang='lat' dir='ltr'>turris</span> 
     </span>
     <span class='ocr_line' id='line_1_30' title="bbox 316 3666 1437 3719; baseline 0.003 -5"><span class='ocrx_word' id='word_1_225' title='bbox 316 3666 444 3716; x_wconf 90' lang='lat' dir='ltr'>domibus</span> <span class='ocrx_word' id='word_1_226' title='bbox 465 3669 651 3719; x_wconf 87' lang='lat' dir='ltr'>dominantur.</span> <span class='ocrx_word' id='word_1_227' title='bbox 671 3697 702 3706; x_wconf 90' lang='lat'>—</span> <span class='ocrx_word' id='word_1_228' title='bbox 722 3672 778 3719; x_wconf 86' lang='lat' dir='ltr'>Aut</span> <span class='ocrx_word' id='word_1_229' title='bbox 800 3671 882 3718; x_wconf 90' lang='lat' dir='ltr'>etiam</span> <span class='ocrx_word' id='word_1_230' title='bbox 902 3683 1015 3719; x_wconf 87' lang='lat' dir='ltr'>nemora</span> <span class='ocrx_word' id='word_1_231' title='bbox 1031 3671 1218 3719; x_wconf 86' lang='lat' dir='ltr'>recentiorum</span> <span class='ocrx_word' id='word_1_232' title='bbox 1239 3685 1337 3719; x_wconf 88' lang='lat' dir='ltr'>sensus</span> <span class='ocrx_word' id='word_1_233' title='bbox 1350 3667 1437 3718; x_wconf 83' lang='lat' dir='ltr'>red&#39;o·</span> 
     </span>
     <span class='ocr_line' id='line_1_31' title="bbox 315 3747 1438 3814; baseline 0.003 -20"><span class='ocrx_word' id='word_1_234' title='bbox 315 3747 410 3807; x_wconf 86' lang='lat' dir='ltr'>lentia,</span> <span class='ocrx_word' id='word_1_235' title='bbox 427 3751 519 3811; x_wconf 82' lang='lat' dir='ltr'>magni</span> <span class='ocrx_word' id='word_1_236' title='bbox 532 3765 593 3798; x_wconf 90' lang='lat' dir='ltr'>cum</span> <span class='ocrx_word' id='word_1_237' title='bbox 608 3751 699 3812; x_wconf 84' lang='lat' dir='ltr'>longis</span> <span class='ocrx_word' id='word_1_238' title='bbox 712 3756 739 3798; x_wconf 93' lang='lat' dir='ltr'>et</span> <span class='ocrx_word' id='word_1_239' title='bbox 755 3751 874 3798; x_wconf 85' lang='lat' dir='ltr'>exilibus</span> <span class='ocrx_word' id='word_1_240' title='bbox 885 3751 1025 3812; x_wconf 90' lang='lat' dir='ltr'>stipilibus</span> <span class='ocrx_word' id='word_1_241' title='bbox 1041 3753 1132 3799; x_wconf 89' lang='lat' dir='ltr'>trunci</span> <span class='ocrx_word' id='word_1_242' title='bbox 1147 3757 1171 3812; x_wconf 75' lang='grc' dir='ltr'>(ι</span> <span class='ocrx_word' id='word_1_243' title='bbox 1186 3751 1301 3814; x_wconf 74' lang='lat' dir='ltr'>Allonge</span> <span class='ocrx_word' id='word_1_244' title='bbox 1317 3767 1329 3796; x_wconf 89' lang='lat' dir='ltr'>n</span> <span class='ocrx_word' id='word_1_245' title='bbox 1345 3751 1438 3799; x_wconf 88' lang='lat' dir='ltr'>nostri</span> 
     </span>
     <span class='ocr_line' id='line_1_32' title="bbox 316 3831 1438 3894; baseline 0.001 -19"><span class='ocrx_word' id='word_1_246' title='bbox 316 3831 412 3888; x_wconf 76' lang='lat' dir='ltr'>morel,</span> <span class='ocrx_word' id='word_1_247' title='bbox 428 3854 458 3864; x_wconf 94' lang='lat'><em>—</em></span> <span class='ocrx_word' id='word_1_248' title='bbox 475 3831 582 3891; x_wconf 86' lang='lat' dir='ltr'>salices,</span> <span class='ocrx_word' id='word_1_249' title='bbox 593 3857 623 3865; x_wconf 93' lang='lat'><em>-</em></span> <span class='ocrx_word' id='word_1_250' title='bbox 634 3835 741 3880; x_wconf 84' lang='lat' dir='ltr'>veteres</span> <span class='ocrx_word' id='word_1_251' title='bbox 760 3831 831 3878; x_wconf 90' lang='lat' dir='ltr'>muri</span> <span class='ocrx_word' id='word_1_252' title='bbox 846 3831 947 3892; x_wconf 89' lang='lat' dir='ltr'>quibus</span> <span class='ocrx_word' id='word_1_253' title='bbox 963 3831 1101 3879; x_wconf 84' lang='lat' dir='ltr'>scandunt</span> <span class='ocrx_word' id='word_1_254' title='bbox 1116 3832 1248 3894; x_wconf 84' lang='lat' dir='ltr'>gramina.</span> <span class='ocrx_word' id='word_1_255' title='bbox 1264 3831 1438 3881; x_wconf 87' lang='lat' dir='ltr'>-villarum</span> 
     </span>
     <span class='ocr_line' id='line_1_33' title="bbox 316 3908 1439 3972; baseline 0.002 -16"><span class='ocrx_word' id='word_1_256' title='bbox 316 3909 452 3956; x_wconf 83' lang='lat' dir='ltr'>fumantia</span> <span class='ocrx_word' id='word_1_257' title='bbox 469 3910 597 3967; x_wconf 89' lang='lat' dir='ltr'>culmina,</span> <span class='ocrx_word' id='word_1_258' title='bbox 613 3936 644 3944; x_wconf 89' lang='lat'>-</span> <span class='ocrx_word' id='word_1_259' title='bbox 660 3909 783 3972; x_wconf 91' lang='lat' dir='ltr'>equitum</span> <span class='ocrx_word' id='word_1_260' title='bbox 799 3910 897 3971; x_wconf 88' lang='lat' dir='ltr'>globus</span> <span class='ocrx_word' id='word_1_261' title='bbox 911 3910 939 3957; x_wconf 94' lang='lat' dir='ltr'>in</span> <span class='ocrx_word' id='word_1_262' title='bbox 953 3910 1032 3972; x_wconf 72' lang='lat' dir='ltr'>sylva</span> <span class='ocrx_word' id='word_1_263' title='bbox 1047 3908 1171 3960; x_wconf 85' lang='lat' dir='ltr'>Certosae</span> <span class='ocrx_word' id='word_1_264' title='bbox 1188 3911 1389 3968; x_wconf 71' lang='lat' dir='ltr'>cursitandum,</span> <span class='ocrx_word' id='word_1_265' title='bbox 1403 3935 1439 3946; x_wconf 87' lang='lat'>—-</span> 
     </span>
     <span class='ocr_line' id='line_1_34' title="bbox 318 3975 1439 4052; baseline 0.002 -16"><span class='ocrx_word' id='word_1_266' title='bbox 318 4001 406 4050; x_wconf 89' lang='lat' dir='ltr'>equus</span> <span class='ocrx_word' id='word_1_267' title='bbox 422 3990 513 4038; x_wconf 82' lang='lat' dir='ltr'>veteri</span> <span class='ocrx_word' id='word_1_268' title='bbox 528 3994 640 4048; x_wconf 88' lang='lat' dir='ltr'>trunco,</span> <span class='ocrx_word' id='word_1_269' title='bbox 660 3991 688 4037; x_wconf 91' lang='lat' dir='ltr'>in</span> <span class='ocrx_word' id='word_1_270' title='bbox 708 3990 813 4052; x_wconf 84' lang='lat' dir='ltr'>dumis,</span> <span class='ocrx_word' id='word_1_271' title='bbox 830 3990 961 4051; x_wconf 84' lang='lat' dir='ltr'>aligatns,</span> <span class='ocrx_word' id='word_1_272' title='bbox 977 4016 1007 4025; x_wconf 93' lang='lat'>—</span> <span class='ocrx_word' id='word_1_273' title='bbox 1022 4003 1092 4052; x_wconf 90' lang='lat' dir='ltr'>pons</span> <span class='ocrx_word' id='word_1_274' title='bbox 1107 3991 1137 4038; x_wconf 91' lang='lat' dir='ltr'>in</span> <span class='ocrx_word' id='word_1_275' title='bbox 1152 3975 1280 4052; x_wconf 80' lang='lat' dir='ltr'>ingressu</span> <span class='ocrx_word' id='word_1_276' title='bbox 1299 3990 1389 4051; x_wconf 86' lang='lat' dir='ltr'>urbis,</span> <span class='ocrx_word' id='word_1_277' title='bbox 1404 4015 1439 4024; x_wconf 98' lang='lat'><em>-</em></span> 
     </span>
     <span class='ocr_line' id='line_1_35' title="bbox 318 4069 1438 4132; baseline 0.001 -15"><span class='ocrx_word' id='word_1_278' title='bbox 318 4075 425 4118; x_wconf 87' lang='lat' dir='ltr'>montes</span> <span class='ocrx_word' id='word_1_279' title='bbox 443 4069 601 4118; x_wconf 89' lang='lat' dir='ltr'>Florentiae</span> <span class='ocrx_word' id='word_1_280' title='bbox 621 4071 804 4132; x_wconf 76' lang='lat' dir='ltr'>dominanteS,</span> <span class='ocrx_word' id='word_1_281' title='bbox 820 4097 850 4107; x_wconf 92' lang='lat'>-</span> <span class='ocrx_word' id='word_1_282' title='bbox 863 4070 966 4132; x_wconf 87' lang='lat' dir='ltr'>oppida</span> <span class='ocrx_word' id='word_1_283' title='bbox 981 4069 1010 4118; x_wconf 90' lang='lat' dir='ltr'>in</span> <span class='ocrx_word' id='word_1_284' title='bbox 1026 4071 1112 4119; x_wconf 87' lang='lat' dir='ltr'>latere</span> <span class='ocrx_word' id='word_1_285' title='bbox 1128 4073 1300 4119; x_wconf 74' lang='lat' dir='ltr'>turbatorum</span> <span class='ocrx_word' id='word_1_286' title='bbox 1313 4070 1438 4128; x_wconf 88' lang='lat' dir='ltr'>collium,</span> 
     </span>
     <span class='ocr_line' id='line_1_36' title="bbox 318 4146 1439 4222; baseline 0.001 -27"><span class='ocrx_word' id='word_1_287' title='bbox 318 4151 349 4195; x_wconf 89' lang='lat' dir='ltr'>ut</span> <span class='ocrx_word' id='word_1_288' title='bbox 364 4149 392 4195; x_wconf 95' lang='lat' dir='ltr'>in</span> <span class='ocrx_word' id='word_1_289' title='bbox 407 4146 539 4198; x_wconf 82' lang='lat' dir='ltr'>fluctibus</span> <span class='ocrx_word' id='word_1_290' title='bbox 559 4163 654 4198; x_wconf 74' lang='lat' dir='ltr'>naves,</span> <span class='ocrx_word' id='word_1_291' title='bbox 673 4176 703 4184; x_wconf 93' lang='lat'><em>-</em></span> <span class='ocrx_word' id='word_1_292' title='bbox 719 4149 875 4211; x_wconf 79' lang='lat' dir='ltr'>Aliquando</span> <span class='ocrx_word' id='word_1_293' title='bbox 889 4149 1006 4210; x_wconf 86' lang='lat' dir='ltr'>placidae</span> <span class='ocrx_word' id='word_1_294' title='bbox 1022 4149 1134 4210; x_wconf 90' lang='lat' dir='ltr'>domus,</span> <span class='ocrx_word' id='word_1_295' title='bbox 1150 4150 1316 4212; x_wconf 73' lang='lat' dir='ltr'>semiaperto</span> <span class='ocrx_word' id='word_1_296' title='bbox 1330 4149 1439 4222; x_wconf 65' lang='lat' dir='ltr'>limina,</span> 
     </span>
     <span class='ocr_line' id='line_1_37' title="bbox 320 4228 1437 4292; baseline 0.002 -17"><span class='ocrx_word' id='word_1_297' title='bbox 320 4228 468 4290; x_wconf 84' lang='lat' dir='ltr'>singularis</span> <span class='ocrx_word' id='word_1_298' title='bbox 484 4231 618 4292; x_wconf 85' lang='lat' dir='ltr'>supellex.</span> <span class='ocrx_word' id='word_1_299' title='bbox 638 4256 669 4264; x_wconf 89' lang='lat'>-</span> <span class='ocrx_word' id='word_1_300' title='bbox 684 4229 801 4278; x_wconf 87' lang='lat' dir='ltr'>Demirm</span> <span class='ocrx_word' id='word_1_301' title='bbox 821 4230 945 4278; x_wconf 86' lang='lat' dir='ltr'>historiae</span> <span class='ocrx_word' id='word_1_302' title='bbox 961 4235 1156 4288; x_wconf 88' lang='lat' dir='ltr'>monumenta;</span> <span class='ocrx_word' id='word_1_303' title='bbox 1178 4231 1278 4278; x_wconf 89' lang='lat' dir='ltr'>milites</span> <span class='ocrx_word' id='word_1_304' title='bbox 1299 4232 1350 4278; x_wconf 92' lang='lat' dir='ltr'>sub</span> <span class='ocrx_word' id='word_1_305' title='bbox 1364 4243 1437 4278; x_wconf 91' lang='lat' dir='ltr'>moe-</span> 
     </span>
     <span class='ocr_line' id='line_1_38' title="bbox 319 4309 1439 4374; baseline 0.002 -18"><span class='ocrx_word' id='word_1_306' title='bbox 319 4309 401 4357; x_wconf 90' lang='lat' dir='ltr'>nibus</span> <span class='ocrx_word' id='word_1_307' title='bbox 422 4310 531 4372; x_wconf 89' lang='lat' dir='ltr'>oppidi,</span> <span class='ocrx_word' id='word_1_308' title='bbox 553 4311 727 4358; x_wconf 89' lang='lat' dir='ltr'>fluitantibus</span> <span class='ocrx_word' id='word_1_309' title='bbox 745 4310 870 4371; x_wconf 85' lang='lat' dir='ltr'>vexillis,</span> <span class='ocrx_word' id='word_1_310' title='bbox 889 4310 1082 4367; x_wconf 77' lang='lat' dir='ltr'>decurrentes:</span> <span class='ocrx_word' id='word_1_311' title='bbox 1105 4325 1197 4374; x_wconf 85' lang='lat' dir='ltr'>pugna</span> <span class='ocrx_word' id='word_1_312' title='bbox 1215 4311 1337 4373; x_wconf 87' lang='lat' dir='ltr'>equitum</span> <span class='ocrx_word' id='word_1_313' title='bbox 1355 4310 1439 4373; x_wconf 72' lang='lat' dir='ltr'>juxta</span> 
     </span>
     <span class='ocr_line' id='line_1_39' title="bbox 317 4390 579 4450; baseline 0.015 -15"><span class='ocrx_word' id='word_1_314' title='bbox 317 4394 411 4450; x_wconf 89' lang='lat' dir='ltr'>portas</span> <span class='ocrx_word' id='word_1_315' title='bbox 424 4390 508 4437; x_wconf 88' lang='lat' dir='ltr'>urbis.</span> <span class='ocrx_word' id='word_1_316' title='bbox 522 4391 579 4439; x_wconf 80' lang='lat' dir='ltr'>Ele.</span> 
     </span>
    </p>

    <p class='ocr_par' dir='ltr' id='par_1_6' title="bbox 319 4468 1440 4620">
     <span class='ocr_line' id='line_1_40' title="bbox 351 4468 1440 4533; baseline 0.004 -17"><span class='ocrx_word' id='word_1_317' title='bbox 351 4468 495 4530; x_wconf 80' lang='lat' dir='ltr'>l’leraeque</span> <span class='ocrx_word' id='word_1_318' title='bbox 512 4483 605 4518; x_wconf 84' lang='lat' dir='ltr'>oarrrm</span> <span class='ocrx_word' id='word_1_319' title='bbox 620 4471 821 4520; x_wconf 85' lang='lat' dir='ltr'>delineationcs</span> <span class='ocrx_word' id='word_1_320' title='bbox 837 4487 849 4517; x_wconf 87' lang='lat' dir='ltr'>n</span> <span class='ocrx_word' id='word_1_321' title='bbox 865 4471 1018 4533; x_wconf 86' lang='lat' dir='ltr'>sanguineo</span> <span class='ocrx_word' id='word_1_322' title='bbox 1032 4487 1043 4517; x_wconf 81' lang='lat' dir='ltr'>a</span> <span class='ocrx_word' id='word_1_323' title='bbox 1060 4471 1142 4520; x_wconf 91' lang='lat' dir='ltr'>modo</span> <span class='ocrx_word' id='word_1_324' title='bbox 1158 4471 1272 4528; x_wconf 86' lang='lat' dir='ltr'>effictae,</span> <span class='ocrx_word' id='word_1_325' title='bbox 1290 4471 1319 4518; x_wconf 90' lang='lat' dir='ltr'>in</span> <span class='ocrx_word' id='word_1_326' title='bbox 1334 4469 1440 4520; x_wconf 91' lang='lat' dir='ltr'>tabulis</span> 
     </span>
     <span class='ocr_line' id='line_1_41' title="bbox 319 4549 1440 4620; baseline 0.004 -22"><span class='ocrx_word' id='word_1_327' title='bbox 319 4550 481 4610; x_wconf 69' lang='lat' dir='ltr'>officiorum</span> <span class='ocrx_word' id='word_1_328' title='bbox 495 4549 583 4616; x_wconf 82' lang='lat' dir='ltr'>(dagli</span> <span class='ocrx_word' id='word_1_329' title='bbox 599 4549 708 4614; x_wconf 83' lang='lat' dir='ltr'>Uffizzi)</span> <span class='ocrx_word' id='word_1_330' title='bbox 723 4553 878 4620; x_wconf 85' lang='lat' dir='ltr'>servantur,</span> <span class='ocrx_word' id='word_1_331' title='bbox 895 4564 985 4614; x_wconf 87' lang='lat' dir='ltr'>neque</span> <span class='ocrx_word' id='word_1_332' title='bbox 1002 4552 1126 4600; x_wconf 88' lang='lat' dir='ltr'>omnium</span> <span class='ocrx_word' id='word_1_333' title='bbox 1143 4551 1232 4602; x_wconf 88' lang='lat' dir='ltr'>oculis</span> <span class='ocrx_word' id='word_1_334' title='bbox 1248 4553 1440 4614; x_wconf 83' lang='lat' dir='ltr'>exponuntur.</span> 
     </span>
    </p>
   </div>
   <div class='ocr_carea' id='block_1_4' title="bbox 0 0 1612 5152">
    <p class='ocr_par' dir='ltr' id='par_1_7' title="bbox 0 0 1612 5152">
     <span class='ocr_line' id='line_1_42' title="bbox 0 0 1612 5152; baseline 0 0"><span class='ocrx_word' id='word_1_335' title='bbox 0 0 1612 5152; x_wconf 95' lang='lat' dir='ltr'> </span> 
     </span>
    </p>
   </div>
  </div>
 </body>
</html>
