3160 5152
814 435 977 502 -78-

315 543 330 570 ⁶
383 579 580 652 Ludoricus
602 577 708 668 paulb
733 577 837 648 aliter
858 575 1056 667 judicabat.
1087 576 1128 647 ln
1154 576 1305 648 rationis
1327 575 1457 656 ruina,

331 696 369 766 in
385 713 492 785 quam
509 693 754 784 biicbelangeli
771 693 894 764 scbola
910 700 1023 764 artem
1038 691 1260 782 abripuerat
1281 710 1355 763 non
1371 708 1457 764 esse

333 809 535 902 prudentiae
554 808 750 889 sentiebat,
779 809 810 879 si
835 807 1030 898 unicuique
1052 792 1176 880 ¹liceret
1195 805 1307 880 libere
1329 815 1365 879 et
1393 825 1458 897 per

333 926 509 1017 seipsum
528 925 709 996 veritatem
729 942 889 1013 quaerere
908 929 942 994 et
960 924 1104 1013 eligere.
1124 922 1298 996 Timidior
1323 930 1401 996 erat
1422 930 1459 996 et

334 1040 529 1112 modestior
553 1037 660 1129 quim
686 1046 725 1110 ut
744 1039 902 1110 crederet
924 1046 1058 1110 veteres
1078 1040 1268 1140 magistros
1289 1038 1454 1131 ejusdem

333 1156 490 1228 veritatis
518 1155 634 1226 ideam
663 1173 735 1226 non
766 1152 909 1244 planids
934 1174 975 1226 ac
1001 1153 1130 1226 melibs
1159 1155 1340 1227 nobismet
1364 1154 1458 1246 ipsis

332 1271 551 1361 concepisse.
577 1269 665 1361 Ergo
691 1270 836 1342 illorum
857 1270 980 1341 oculos
1002 1271 1128 1342 statuit
1152 1269 1198 1341 ad
1222 1269 1456 1362 corrigendos

333 1392 477 1457 nostros
495 1369 684 1464 adbiberd;
716 1391 750 1456 et
771 1402 882 1474 quum
902 1403 1103 1457 numerosae
1122 1385 1213 1466 sint,
1232 1382 1328 1476 saepe
1345 1385 1455 1457 etiam

243 1511 246 1518 '
333 1501 521 1575 contrariae
543 1499 794 1590 magistrorum
819 1500 990 1580 rationes,
1012 1500 1116 1589 aequa
1139 1497 1319 1591 sapientie
1336 1507 1371 1573 et
1390 1500 1456 1572 fri-

334 1617 416 1710 gido
439 1615 574 1707 judicio
595 1617 688 1688 inter
710 1615 872 1687 omnium
897 1615 998 1687 dotes
1023 1634 1064 1686 ac
1088 1616 1255 1688 virtutem
1276 1615 1454 1688 delectum

334 1731 430 1806 lacit.
452 1732 579 1803 Nostro
600 1728 722 1822 Siey'es
749 1731 898 1811 similis,
920 1731 1071 1802 Galliam
1095 1730 1141 1802 ad
1162 1731 1338 1803 amussim
1361 1729 1455 1803 diri-

335 1847 452 1928 denti,
475 1847 659 1918 Caraccius
683 1847 858 1936 picturam
886 1847 923 1916 in
951 1847 1152 1937 provincias
1174 1846 1330 1938 propriis
1358 1846 1454 1919 notis

335 1963 543 2048 distinctas,
577 1968 718 2051 separat
747 1957 811 2054 (l).
845 1961 912 2046 Qui
942 1961 1060 2032 bonus
1087 1962 1201 2051 pictor
1227 1960 1305 2034 lieri
1333 1963 1451 2053 cupit,

334 2077 465 2149 babeat
479 2076 539 2148 ille
559 2094 742 2148 romanam
763 2076 1054 2160 delineationem,
1076 2078 1293 2148 Venetorum
1316 2083 1453 2148 motum

334 2199 367 2264 et
388 2193 550 2276 umbras,
578 2190 858 2263 bombardorum
885 2192 1056 2275 colorem,
1084 2191 1282 2264 terribilem
1306 2192 1455 2264 blicbel-

333 2308 449 2399 angeli
476 2308 643 2388 modum,
674 2308 871 2379 naturalem
900 2307 1031 2380 Titiani
1057 2309 1261 2393 veritatem,
1294 2307 1453 2399 Corregii
1550 2373 1553 2378 .

333 2423 522 2513 puritatem
544 2441 763 2514 supremam,
784 2423 975 2512 Rapbaelis
995 2423 1186 2513 perlectam
1207 2423 1450 2504 harmoniam,

333 2537 471 2611 Tibaldi
495 2539 704 2630 dignitatem
730 2547 764 2612 et
789 2540 993 2625 scientiam,
1021 2539 1160 2612 doctam
1183 2538 1372 2611 Primatitii
1398 2539 1453 2610 in-

332 2655 553 2739 ventionem,
583 2662 618 2725 et
641 2654 779 2744 aliquid
805 2654 928 2745 gratiae
955 2673 1037 2745 quaa
1065 2657 1280 2728 Parmesano
1310 2656 1449 2727 inest...

334 2767 386 2840 dd
403 2769 470 2841 boo
487 2768 669 2841 dubitares
686 2789 731 2839 an
751 2771 846 2841 ullus
863 2789 905 2842 er
922 2771 1002 2842 istis
1019 2771 1157 2862 magnis
1174 2772 1259 2842 viris
1277 2771 1450 2862 pingendi

332 2891 444 2956 artem
469 2885 624 2966 noverit,
655 2884 723 2956 nisi
750 2884 899 2958 feliciter
924 2885 1071 2959 adderet
1096 2886 1283 2959 Caraccius
1317 2913 1332 2950 ι
1360 2885 1451 2959 defi·

333 3000 511 3072 cientibus
548 3007 598 3072 tot
630 3000 793 3081 dotibus,
822 2999 974 3072 Nicolae
1000 3002 1159 3074 studium
1188 3003 1276 3074 satis
1303 3021 1396 3076 esse.
1430 3030 1445 3068 ›

333 3117 458 3186 Faceta
479 3122 533 3188 est
559 3114 738 3187 clausula!
768 3117 910 3189 -Nec
936 3115 1057 3189 minds
1076 3115 1286 3208 significans
1311 3116 1453 3189 videtur

332 3231 557 3323 privilegium
577 3231 725 3304 Tibaldo
742 3232 879 3317 datum,
903 3233 965 3323 qni
987 3235 1086 3306 solus
1109 3251 1150 3305 ex
1171 3233 1372 3324 aequalibus
1392 3231 1452 3303 in·

364 3530 397 3593 ll)
544 3538 590 3581 Che
602 3538 655 3580 farsi
666 3550 697 3581 uu
708 3539 768 3582 buon
783 3540 851 3593 pittor
861 3541 941 3583 branca
951 3553 963 3584 e
975 3541 1049 3592 deria,

545 3611 564 3651 ll
575 3610 668 3664 disegno
681 3611 704 3652 (11
715 3612 787 3652 Roma
798 3611 863 3654 abbia
873 3612 917 3653 alla
927 3624 1008 3665 mano,

546 3684 577 3724 La
587 3694 661 3723 mosea
670 3681 719 3724 coll’
732 3682 820 3724 ombrar
829 3683 969 3734 venerisne,
1048 3725 1052 3731 ,

543 3753 589 3796 Ε11
600 3754 673 3807 dagno
686 3755 767 3796 colorir
780 3754 802 3795 di
815 3755 959 3806 Lumbardia;

544 3825 572 3866 Di
585 3824 666 3867 Micbel
675 3824 759 3878 Angiol
768 3825 790 3865 la
799 3824 885 3866 terribil
896 3826 946 3876 via,

542 3897 561 3938 ll
572 3907 625 3938 vero
636 3896 723 3938 natural
733 3896 755 3937 di
768 3893 871 3948 Tiziano',

545 3967 572 4009 Di
583 3967 689 4021 Corragio
701 3968 724 4008 lo
736 3967 774 4008 stil
784 3979 839 4022 puro
851 3981 864 4012 e
877 3980 970 4010 serrano

544 4039 562 4080 Ε
573 4039 595 4080 (11
608 4051 637 4080 un
651 4038 736 4080 nadad
750 4039 772 4079 la
786 4049 838 4080 vara
849 4039 985 4091 simmetria,

545 4109 586 4152 Del
598 4109 685 4152 Tibaldi
697 4109 713 4150 il
725 4109 804 4152 decoro
817 4122 829 4153 ο
841 4109 857 4151 11
870 4110 1026 4162 fondamento.

544 4181 585 4222 Del
598 4181 661 4223 dotto
672 4180 811 4222 Primsticcio
822 4182 965 4232 l'rnventare,

546 4254 564 4293 E
576 4265 606 4294 un
618 4253 646 4306 pb
658 4252 680 4292 di
694 4251 769 4305 grazia
778 4251 823 4293 dall
837 4253 1010 4306 Parmigisnino.

546 4325 584 4365 Ma
593 4334 659 4366 senza
668 4323 725 4365 tanti
737 4323 796 4376 atudJ
807 4325 870 4364 tanto
883 4327 972 4373 stante,

546 4395 569 4436 Si
581 4407 656 4448 punga
669 4394 702 4436 sol
711 4395 781 4449 l'opre
791 4395 819 4436 ad
831 4394 920 4437 imitare

546 4467 591 4510 Cbe
604 4467 643 4521 qui
653 4467 753 4508 laecioeci
766 4467 781 4508 il
792 4470 867 4509 nostro
881 4467 1002 4509 Nicoclino.

860 4543 1006 4602 tsonnetto
1023 4539 1051 4588 di
1069 4539 1205 4603 Agostino
1221 4537 1356 4599 Carnem.)
