3176 5152
656 421 815 486 ..35-

177 559 305 630 sectari
317 547 451 650 possit:
467 561 522 632 cni
536 561 728 649 quaestioni
744 561 900 652 Raphael
916 559 994 633 verb
1007 571 1041 633 et
1052 561 1097 633 ad
1113 549 1295 634 summum

179 675 377 764 respondit.
402 675 465 746 ille
491 693 556 746 nec
582 682 730 746 conatur
757 683 796 746 ut
824 675 894 746 sibi
919 677 1108 766 antiquum
1134 679 1295 750 animum

179 797 315 860 veteres
336 807 392 860 res
416 789 578 860 tractanti
599 789 747 869 reliciat,
773 790 825 883 (nt
847 791 959 862 nostri
982 792 1148 872 Punssiu‚
1168 793 1294 879 David,

179 901 331 996 ingres),
355 923 473 995 neque
493 913 531 976 ut
551 924 592 976 ex
614 914 689 988 arte
710 905 859 995 antiqua
881 925 1082 978 sermonem
1105 897 1295 997 quemdam

179 1019 446 1100 concinnatum,
465 1021 509 1091 ad
524 1020 795 1110 exprimendam
816 1021 1052 1092 recentiorum
1071 1023 1192 1104 vitam,
1211 1023 1297 1095 edu·

178 1141 247 1214 cat,
274 1132 325 1227 (ut
350 1137 387 1205 iu
415 1135 492 1207 suis
515 1137 713 1228 ἀλληγορίαις
739 1135 879 1207 Lebrun
909 1143 943 1206 et
968 1135 1140 1229 Bocchor)
1168 1140 1298 1228 :prior

179 1251 275 1321 enim
298 1250 386 1322 ratic
407 1251 652 1322 commentitia
672 1258 744 1329 est,
767 1251 879 1323 altera
901 1251 1037 1332 fictitia,
1061 1271 1126 1324 nec
1145 1260 1297 1344 utraque

133 1415 135 1420 -
179 1366 278 1438 aliud
305 1374 450 1457 praestat
479 1365 586 1456 quam
617 1366 781 1457 lrigidam
809 1374 961 1458 acceptae
987 1368 1190 1458 disciplinae
1216 1357 1294 1442 oum

177 1483 303 1554 innato
331 1483 410 1554 vitae
435 1501 544 1554 sensu
568 1491 602 1555 et
622 1483 871 1555 observatione
896 1484 1199 1574 conjunctionem.
1226 1488 1293 1557 Ra-

177 1598 284 1688 plrael
300 1599 344 1669 ab
358 1599 572 1688 antiquitate
590 1600 677 1688 petit
692 1598 790 1688 quod
809 1600 943 1689 ingenii
962 1599 1018 1670 sni
1036 1600 1105 1670 rim
1122 1599 1297 1691 compleat

179 1720 214 1784 et
243 1721 353 1785 artem
385 1712 555 1803 perficiat.
590 1712 680 1784 Dirm
711 1713 890 1785 immenso
920 1721 1048 1786 conatu
1077 1722 1155 1806 eget
1184 1723 1224 1788 ut
1251 1717 1297 1788 ad

180 1829 426 1919 blicbelangeli
445 1829 726 1920 magnitudinem
745 1830 940 1919 perveniat,
960 1836 1094 1901 veteres
1111 1829 1233 1902 contr'a
1253 1823 1297 1903 de
1317 1813 1321 1818 ’
1455 1817 1459 1826 ’

179 1945 296 2034 planc-
312 1945 402 2016 adit.
430 1945 625 2017 Ombriana
649 1948 726 2036 eJ‘us
752 1946 994 2036 tranquillitas
1023 1954 1056 2018 et
1081 1947 1184 2036 quasi
1210 1967 1294 2019 can·

179 2060 266 2133 dida
286 2061 448 2134 lenitudo
476 2081 575 2140 sese.
605 2063 684 2152 ipse
711 2063 839 2132 natura
859 2069 892 2133 et
913 2063 992 2133 sine
1011 2064 1118 2151 opere
1143 2063 1235 2143 ulla,
1258 2064 1296 2134 in

179 2179 293 2266 graeca
318 2178 509 2249 serenitate
535 2175 665 2249 eximie
684 2161 910 2269 expressam,
935 2180 1107 2269 agnoscit.
1130 2179 1297 2268 Splendi-

179 2291 330 2363 dissima
355 2294 514 2384 antiquae
542 2293 822 2382 pulchritudinis
848 2295 964 2384 imago
991 2295 1067 2382 ejus
1096 2295 1208 2365 oculis
1232 2313 1295 2384 ap-

178 2416 280 2496 paret
307 2407 477 2499 tanquam
506 2409 643 2499 speeies
671 2411 815 2499 proprio
843 2410 988 2500 ingenio
1018 2427 1211 2499 praesensa.
1243 2411 1295 2481 lbi

179 2523 350 2612 Rnpbaeli
381 2543 446 2594 sua
473 2525 713 2614 explanantur
743 2533 877 2596 secreta
908 2525 1028 2596 studia
1059 2550 1068 2594 ι
1100 2526 1189 2596 ratic
1219 2526 1296 2616 ejus

179 2639 365 2710 conicstim
387 2647 539 2710 aeternas
560 2659 643 2710 snas
666 2641 821 2711 rationes
842 2640 986 2732 detegit,
1010 2641 1144 2712 scilicet
1165 2659 1295 2713 venus-

179 2755 263 2825 tatis
291 2757 384 2844 leges
412 2764 446 2827 et
474 2757 671 2827 barmoniae
699 2757 844 2828 loedere.
878 2757 1004 2828 Mentis
1032 2775 1107 2828 suae
1135 2755 1294 2846 compes,

178 2869 324 2940 fortiore
344 2879 378 2941 et
398 2872 576 2941 securiore
595 2863 789 2951 volumtate,
809 2873 881 2960 Jam
901 2890 996 2942 nunc
1016 2872 1241 2962 progreditur
1259 2878 1296 2943 ut

179 2985 364 3076 ingenium
386 3006 490 3058 suum
513 2987 550 3056 in
571 3005 678 3077 opera
698 2995 831 3058 aeterna
853 2987 1049 3068 diffundat,
1076 3006 1157 3077 qnae
1179 3005 1296 3077 neque

178 3101 329 3190 antiqua
358 3103 449 3183 siut,
477 3122 594 3192 neque
623 3104 795 3182 recentia,
827 3103 889 3174 sed
915 3121 977 3193 per
1002 3122 1040 3174 se
1066 3103 1145 3193 ipsa
1174 3103 1295 3174 orbem

179 3217 395 3306 completum
422 3237 463 3288 nc
489 3219 682 3308 perlectum
704 3218 860 3308 fingant,
883 3257 929 3268 -
950 3218 1084 3290 scilicet
1105 3218 1297 3308 voluptatis

178 3339 243 3402 aut
269 3333 456 3422 sapientiae
481 3334 638 3423 species,
668 3335 793 3423 quales
822 3334 921 3405 molli
951 3334 1047 3405 illius
1072 3334 1193 3404 animo
1219 3351 1298 3404 sese

179 3445 335 3518 oberunt
357 3449 572 3532 Fcrnariua,
600 3449 775 3538 imperia,
798 3455 832 3519 et
853 3448 1011 3539 pulchrae
1031 3448 1196 3539 quaedam
1217 3448 1297 3520 aliae

179 3579 224 3631 cx
240 3562 408 3634 Romanis
426 3563 571 3654 puellis,
588 3571 650 3634 aut
665 3563 790 3652 quales
807 3563 970 3654 diligenti
987 3563 1084 3634 illius
1101 3561 1298 3634 intellectui

179 3684 371 3748 occurrunt
391 3678 576 3759 Bramans,
600 3679 840 3758 sannazarus,
863 3687 897 3748 et
915 3678 1114 3750 lebaldeus
1134 3702 1141 3747 :
1165 3678 1298 3767 quibus

180 3791 370 3882 speciebus
395 3795 508 3884 pictur
528 3794 662 3884 ingenii
683 3793 843 3884 potentia
863 3801 897 3864 et
919 3795 1016 3864 vistis
1036 3767 1129 3875 adio,
1150 3793 1298 3894 adspec-

180 3914 255 3979 tum
277 3915 450 3980 aeternum
472 3908 623 3980 coniert.

229 4024 403 4114 Vergente
424 4024 651 4095 solurnmodb
672 4026 761 4109 vita,
786 4044 895 4114 quum
920 4025 956 4095 in
975 4043 1016 4096 eo
1039 4043 1168 4096 sensus
1189 4031 1224 4096 et
1244 4043 1299 4096 co·

180 4139 304 4230 gitatin
330 4139 545 4210 lassitudine
574 4139 705 4228 pariter
739 4140 924 4221 laborant,
954 4140 1087 4230 saepius
1114 4147 1148 4211 et
1175 4139 1299 4211 fictitio

182 4254 289 4326 modo
314 4253 488 4351 imagines
517 4272 557 4324 ex
587 4255 802 4344 antiquitate
829 4261 1014 4326 mutuatur
1037 4255 1129 4350 (vide
1148 4253 1297 4346 Logplo,

179 4351 368 4459 Popoam'
381 4365 618 4450 Constantini,
643 4365 790 4462 textilia)
809 4392 817 4449 ;
843 4368 988 4460 ligulas,
1011 4379 1146 4464 gestus
1170 4389 1299 4442 seusus

51 4494 55 4500 '
181 4488 288 4560 etiam
318 4483 488 4575 subripit.
517 4481 603 4554 lndb
626 4483 754 4574 frigida
780 4483 849 4554 istu
875 4484 912 4554 in
937 4473 1122 4557 textilibus
1150 4485 1301 4577 figurata
