3160 5152
723 457 763 467 -
782 416 841 482 roo
864 453 901 466 -

251 556 336 644 xride
370 558 448 649 ejus
479 555 606 650 agendi
634 558 754 631 studio
781 557 959 648 praebent,
991 559 1221 630 vehementer
1251 516 1374 630 irruit.

144 669 146 674 ’
255 673 485 764 impetuil10,
507 692 573 746 nec
591 671 663 744 alia
682 674 831 760 ratione,
854 673 972 747 diliert
987 674 1125 765 Belgica
1143 674 1241 745 illius
1256 673 1377 746 aetatis

255 808 313 860 ars
333 789 380 859 ab
395 789 526 860 italica.
550 788 674 868 Aliter,
697 789 725 860 si
751 791 922 862 interiora
936 797 1091 870 tuemur,
1105 788 1236 861 ‘cadem
1252 789 1381 867 inest?

255 923 298 975 en
319 905 361 976 ea
387 911 500 995 parte,
524 905 655 975 mentis
678 904 848 990 inanitas,
879 924 944 977 nec
968 906 1081 995 major
1106 904 1196 976 tides
1221 905 1258 974 in
1286 910 1379 975 trao-
1459 973 1464 978 .
1552 886 1566 919 '²

256 1019 376 1092 landis
402 1021 635 1111 argumentis,
665 1039 730 1092 nec
760 1020 869 1113 (quod
888 1021 1018 1092 mirum
1044 1017 1128 1113 est),
1153 1021 1265 1109 major
1289 1019 1379 1090 reri-

256 1137 340 1208 talis
360 1136 490 1216 cultus,
513 1136 633 1208 lorsan
654 1139 760 1208 etiam
779 1137 909 1208 minor.
930 1137 1016 1208 Nam
1037 1136 1067 1208 si
1088 1136 1272 1207 Caraccios
1292 1152 1377 1206 cum

202 1328 203 1338 g
256 1251 369 1322 Vaenii
380 1252 502 1322 schole
514 1253 752 1342 comparabis,
768 1252 827 1324 isti
840 1249 964 1324 lideles
977 1249 1049 1324 tero
1063 1258 1201 1323 naturae
1216 1251 1376 1322 lautores

256 1364 486 1438 ridebuntur.
513 1369 558 1438 Ut
585 1365 718 1458 saepiirs
741 1368 939 1459 peregrinis
964 1366 1206 1439 imitatoribus
1230 1364 1373 1443 accidit.

258 1482 372 1572 Belgae
385 1482 509 1573 uiginti
521 1491 583 1554 aut
596 1484 741 1575 triginta
753 1503 868 1556 annos
881 1484 926 1556 ab
939 1482 1374 1556 atatesearetardantur.

259 1597 316 1668 Sic
336 1599 460 1670 Petrus
485 1599 630 1670 liubans
651 1597 742 1671 etna
766 1601 969 1672 Barocoium
993 1609 1027 1672 et
1046 1598 1263 1672 Venerianus
1288 1615 1377 1669 con-

260 1712 363 1792 stitit,
387 1713 565 1804 nequead
588 1715 833 1787 Bononienscs
851 1715 1002 1787 attendit
1023 1717 1033 1809 (
1058 1713 1086 1809 ).

310 1827 412 1900 Unde
432 1829 540 1921 igitur
564 1830 623 1901 isti
648 1849 773 1902 omnes
800 1832 951 1902 salutem
980 1829 1139 1902 ducunt?
1165 1830 1306 1902 Scilicet
1332 1847 1380 1900 ex
1423 1815 1429 1825 ’

262 1943 401 2016 ardenti
420 1945 503 2018 vitae
519 1965 640 2018 amore
660 1964 752 2036 quo,
775 1945 962 2019 deliciante
981 1953 1118 2018 naturae
1137 1945 1276 2030 studio,
1302 1945 1377 2016 eri-

262 2066 406 2151 guntur,
436 2061 656 2133 invehuntur
679 2067 714 2132 et
739 2060 948 2132 efferuntur.
974 2057 1063 2133 inde
1089 2057 1223 2152 saepius
1250 2060 1382 2132 obscu-

260 2182 386 2246 rantur
407 2176 551 2247 illorum
573 2171 684 2260 oculiss
710 2176 773 2248 sed
801 2182 962 2248 exactum
990 2193 1107 2248 rerum
1129 2182 1164 2248 et
1182 2175 1379 2246 termarum

261 2291 468 2381 adspectum
490 2289 638 2382 impune
658 2292 835 2382 negligere
854 2299 1003 2381 queunt.
1027 2291 1161 2382 quippe
1181 2291 1243 2380 qui
1261 2291 1385 2361 iacun-

262 2405 344 2478 dam
364 2407 500 2498 ingenii
517 2407 699 2478 flammam
720 2408 757 2477 in
774 2424 812 2477 sc
830 2412 966 2497 gerant.
981 2407 1124 2478 Naturae
1141 2407 1252 2496 magis
1269 2401 1380 2494 quam

261 2522 419 2594 veritalis
440 2530 601 2595 amantes
622 2528 726 2608 sunt,
751 2521 940 2594 fervidiore
959 2541 1067 2594 sensu
1090 2528 1125 2594 et
1147 2521 1276 2593 ditiore
1296 2537 1383 2591 san-

262 2637 369 2728 guine
391 2637 530 2727 praediti
558 2636 664 2728 quam
685 2643 724 2709 ut
750 2637 831 2708 ritae
852 2639 1092 2730 spectaculum
1116 2636 1270 2709 fideliter
1294 2633 1378 2706 red-

262 2751 362 2823 dant.
383 2745 584 2851 virentium
603 2758 731 2824 autem·
744 2751 905 2824 omniurn
926 2760 1108 2824 consortes
1128 2751 1235 2822 alacri
1257 2750 1384 2820 volun·

264 2873 335 2939 tate
365 2866 477 2952 liunt,
508 2869 635 2958 magno
661 2867 725 2938 illa
752 2866 784 2936 ri
816 2868 971 2959 perculsi
998 2886 1079 2958 quae
1108 2866 1206 2938 orbis
1229 2864 1383 2937 vortices

223 3025 224 3028 =
263 2989 418 3073 torquet.

314 3098 482 3180 liabens.
519 3100 564 3171 ab
599 3098 730 3172 italicis
761 3099 953 3180 educatus,
992 3117 1115 3171 eorum
1152 3096 1382 3189 disciplinam

265 3222 484 3287 exaestuante
504 3235 569 3288 suo
589 3234 699 3288 sensu
723 3214 968 3288 transformat.
993 3212 1139 3286 Frustra
1162 3220 1240 3285 octo
1264 3229 1385 3283 annos
1452 3264 1456 3270 .

265 3329 424 3403 initalia
443 3330 596 3404 absolvit
619 3327 683 3425 (0),
708 3331 909 3420 Titianum,
933 3330 1249 3421 llliohelangelnm,
1272 3328 1383 3399 Cara-

298 3565 332 3628 (1)
349 3565 547 3616 Animadverte
566 3567 684 3630 amplius
702 3567 853 3616 nonnullos
872 3579 923 3614 nec
940 3565 1061 3615 minores
1082 3565 1197 3632 belgica
1217 3564 1387 3632 disciplinae,
1445 3599 1451 3610 .

267 3645 357 3695 XVII·
368 3646 480 3705 saeculo,
497 3659 531 3694 ex
546 3645 633 3708 stirpe
645 3646 744 3694 batava
758 3648 834 3694 ortos
848 3658 909 3694 esse
921 3645 981 3708 (Ex.
995 3647 1065 3707 grat.
1077 3645 1207 3706 magister
1221 3644 1250 3694 ia
1264 3647 1323 3692 arte
1336 3657 1390 3693 ora

267 3725 387 3773 humana
398 3725 535 3786 imitandi,
549 3725 648 3774 Petrus
662 3724 789 3774 Pourbus
800 3724 903 3783 senior,
919 3719 979 3772 sine
993 3723 1078 3772 dubio
1089 3721 1204 3784 Goudae,
1215 3724 1245 3772 in
1259 3723 1389 3787 patavia,

268 3804 370 3865 natus),
386 3808 413 3853 et
427 3807 532 3867 partem
547 3804 621 3852 illam
636 3803 881 3866 septentrionalem
896 3802 1029 3865 regionis,
1045 3802 1168 3866 aBelgio
1184 3816 1276 3852 rerum
1291 3804 1390 3866 publi-

269 3896 362 3931 carum
375 3884 528 3932 mutatione
544 3887 698 3945 separatam
710 3881 807 3930 fuisse.

301 3961 370 4012 Viee
389 3963 484 4024 versat,
507 3963 586 4011 ferox
605 3966 632 4010 et
651 3961 756 4010 nitidus
776 3961 822 4009 ille
842 3959 1007 4010 Franciscus
1028 3960 1109 4023 Halo,
1128 3961 1158 4009 in
1176 3959 1292 4011 Batavia
1305 3974 1390 4024 pore-

271 4042 378 4105 grinuS‚
393 4041 502 4092 Malinae
517 4043 546 4090 in
564 4040 660 4110 Belgio
675 4045 756 4089 natus
773 4046 823 4099 est,
840 4054 912 4090 anno
930 4040 998 4090 teat.
1150 4039 1155 4048 '

302 4121 335 4184 (0)
350 4122 464 4172 Rubena
478 4123 508 4170 in
523 4122 628 4172 ltaliam
642 4123 656 4172 9
670 4121 734 4170 maii
750 4122 815 4169 anni
830 4121 889 4171 1600
902 4122 1101 4184 proficiscitur:
1117 4121 1263 4171 Venetiam
1275 4125 1303 4170 et
1314 4121 1392 4170 Man·
1489 4139 1492 4144 ·

273 4205 350 4252 tuam,
360 4201 465 4252 invisit.
480 4199 560 4251 Circa
573 4201 716 4262 quintilem
732 4199 800 4260 1601,
812 4201 942 4260 primum
957 4204 1051 4248 Rornae
1065 4206 1188 4248 moratur
1200 4200 1266 4262 (tres
1280 4201 1393 4250 tabulas

273 4281 393 4342 conficit,
409 4280 443 4328 ad
460 4279 489 4332 S.
506 4279 622 4330 Crucem
637 4279 664 4327 di
677 4279 849 4342 Jerusalem).
860 4280 891 4329 In
907 4279 1006 4330 martio
1024 4279 1091 4342 1603,
1106 4294 1155 4343 per
1170 4280 1332 4343 Hispaniam
1345 4295 1393 4344 pe·

272 4360 438 4422 regrinatur.
453 4359 539 4408 Ducis
554 4357 695 4408 Vincentii
712 4359 723 4407 Ι
740 4359 776 4418 dp
790 4358 975 4421 Gonzaga„ii
993 4359 1065 4408 maio
1083 4359 1151 4421 leot,
1163 4360 1254 4422 pictor
1268 4360 1392 4422 eligitur.

275 4440 356 4489 Anno
372 4440 439 4501 1605,
452 4439 584 4501 quasdam
597 4437 722 4502 Corregii
736 4439 843 4496 tabulas
853 4438 887 4486 ad
898 4441 1092 4502 imperatorem
1107 4440 1283 4503 liudolphum
1294 4440 1319 4489 11
1332 4441 1395 4490 imi·

275 4522 358 4568 tatur.
374 4545 404 4553 —
418 4518 499 4567 Anno
517 4517 589 4578 1606,
605 4520 709 4568 ilerdam
726 4523 843 4568 Romam
859 4517 937 4579 petit.
953 4518 998 4579 (V.
1013 4519 1133 4567 tabulam
1149 4519 1178 4568 in
1197 4519 1245 4568 arai
1264 4519 1395 4586 principe
