3176 5152
557 467 559 470 ·
638 433 797 496 -ta-

159 575 277 639 motus
307 576 341 640 et
375 587 525 650 sensus,
565 587 655 660 quos
684 570 849 660 personis
881 571 1039 642 tribuere
1063 570 1276 652 intendunt,

160 683 319 754 scientiae
348 691 383 756 et
419 685 548 756 rationi
581 694 791 776 congruant.
831 713 846 750 ‹
877 687 1055 777 Virginem
1088 688 1277 768 Sanctam,

161 798 267 868 etiarn
290 801 452 870 materna
476 799 727 889 desperatione
752 799 938 883 afflictam,
969 801 1202 884 scholastico,
1229 810 1277 883 et,

162 918 201 983 ut
219 911 269 984 ita
289 913 422 998 dicam,
444 915 646 987 academico
673 917 823 988 consilio
851 916 1036 1006 concipere
1060 917 1242 988 sustinent
1269 940 1277 988 :

161 1028 295 1100 scilicet
311 1029 580 1121 primhoorpus,
599 1031 652 1103 rel
667 1049 826 1117 osseum,
847 1031 1076 1112 adumbrare,
1094 1038 1128 1103 et
1145 1031 1278 1113 nervis,

161 1143 277 1215 dolori
307 1145 604 1227 accommodatis,
634 1144 801 1237 perdocte
827 1146 1120 1227 circumvolvere;
1155 1146 1280 1236 postea

160 1259 296 1331 nudam
315 1280 356 1332 ac
375 1261 571 1332 desolatam
593 1262 834 1334 membrorum
861 1261 1031 1352 gratiam,
1055 1261 1161 1333 modo
1182 1261 1287 1333 anti·-

107 1379 109 1381 ’
162 1393 253 1464 quo,
275 1376 449 1448 velamina
473 1377 643 1458 induere3
672 1377 817 1449 tandem
847 1376 1026 1467 exquisito
1053 1375 1280 1448 lacrimarum

162 1490 279 1562 nitore
297 1498 331 1562 et
350 1493 485 1582 pallore
504 1489 653 1564 delicate
669 1491 798 1574 efficto,
817 1493 1019 1564 absolutam
1039 1492 1161 1563 Matris
1179 1491 1283 1563 Dolo-

161 1624 253 1677 rosae
281 1606 472 1697 imaginem
503 1606 697 1698 perlicere!
733 1608 800 1693 Qui
834 1609 927 1678 hanc
952 1607 1163 1678 rationalem
1190 1605 1281 1676 viam

163 1722 339 1810 sequitur,
358 1729 497 1811 oportet
517 1723 670 1813 proiecto
689 1721 1015 1794 verisimilitudinis
1034 1718 1187 1792 maxim'e
1207 1727 1281 1792 siu·-

163 1834 304 1907 tliosum
326 1855 365 1908 se
385 1845 572 1927 prmstare3
595 1845 703 1929 alque
724 1836 774 1909 iti
792 1837 831 1909 iii
850 1845 888 1909 ut
906 1837 1074 1909 decorum
1096 1843 1131 1922 et
1146 1834 1282 1926 signifi.-

163 1953 255 2024 catio
284 1949 428 2044 operis:
459 1972 577 2024 rerum
602 1955 723 2025 unitas
757 1961 792 2024 et
818 1953 1025 2024 summatim
1057 1974 1160 2021 omne
1192 1950 1286 2044 qood
1324 1941 1328 1946 ’

162 2067 277 2149 decet,
306 2068 351 2139 ad
376 2069 522 2160 pictoris
543 2076 699 2142 mentem
720 2088 792 2141 non
819 2067 939 2140 minus
962 2068 1203 2142 necessarium
1221 2068 1280 2157 ju-

163 2181 302 2253 dicetur
329 2182 435 2272 quam
466 2185 625 2254 colorum
655 2184 814 2256 delectus
842 2191 877 2255 et
902 2184 1031 2255 veritas
1060 2183 1195 2254 formae.
1228 2181 1283 2250 llll

164 2295 298 2387 saepius
323 2282 574 2371 dio’titaverunt
599 2299 752 2388 speciem
782 2299 914 2371 Christi
943 2298 1092 2390 clipeum
1120 2316 1198 2369 esse
1224 2296 1283 2368 de·

164 2411 262 2496 bere,
283 2414 534 2503 Apostolorum
553 2413 728 2497 vividam,
751 2413 908 2505 Virginis
924 2423 1072 2495 costum,
1091 2430 1283 2503 puerorum

163 2526 435 2613 accumulasset
458 2531 599 2613 statim,
630 2527 829 2601 secundum
853 2549 962 2600 noras
990 2529 1077 2600 istas
1102 2529 1206 2618 leges·
1223 2534 1284 2599 aut

166 2641 285 2732 polius
312 2646 461 2726 κάνωνας,
485 2647 593 2736 coepit
622 2647 734 2735 pictor
760 2645 919 2717 diversas
944 2645 1148 2735 apostolicae
1168 2643 1283 2714 subli-

165 2759 315 2840 mitatis,
334 2761 386 2831 vel
409 2761 593 2852 virginalis
620 2761 825 2839 suavitatis.
849 2769 911 2832 out
937 2761 1096 2852 puerilis
1111 2759 1285 2850 simpliei-

165 2875 249 2945 tatis
272 2877 549 2966 temperationes
571 2894 802 2966 componere;
831 2895 911 2966 quae
941 2877 1028 2947 satis
1049 2884 1103 2948 est
1122 2881 1285 2964 expertes

168 2990 399 3062 ridiculorum
423 2991 589 3066 vitiorum
620 3000 654 3064 et
680 2991 957 3082 repugnantium
985 2991 1070 3062 olim
1099 2990 1285 3062 solitarum

166 3105 299 3191 rideri,
326 3114 365 3179 ut
385 3127 448 3199 pro
471 3109 577 3180 rehus
603 3110 695 3180 reris
717 3109 931 3189 habeantur,
954 3105 1125 3197 tanquhm
1148 3105 1286 3195 species

166 3222 370 3296 exsinuent
389 3223 564 3314 religiosae
584 3223 745 3294 historiae
765 3221 938 3294 memoria
956 3228 1111 3310 exceptae
1133 3217 1198 3312 (1).
1217 3246 1232 3282 r

217 3337 281 3408 lllo
301 3337 447 3426 quidem
472 3338 663 3427 Raphaelis
690 3365 705 3400 ι
734 3335 894 3406 Christus
912 3336 960 3404 'in
988 3335 1122 3404 tomulo
1151 3334 1289 3426 deposi-

121 3533 124 3539 ‚
166 3459 221 3520 tos
253 3478 268 3515 ι
301 3453 417 3543 primo
450 3454 660 3543 praeclarum
694 3453 896 3543 exemplum
926 3451 1028 3523 affert
1054 3453 1159 3522 istius
1192 3450 1288 3521 modi

168 3587 317 3659 operum
348 3587 429 3659 quae
448 3569 650 3640 intellectus
679 3568 787 3640 simul
818 3575 963 3658 generat
991 3574 1024 3638 et
1057 3567 1188 3638 ohruit.
1221 3567 1292 3636 Nec

169 3685 249 3756 sine
287 3683 548 3775 significatione
582 3693 636 3756 est
669 3684 827 3756 universi
868 3679 979 3754 lllllmi
1017 3683 1138 3754 saeculi
1177 3682 1290 3753 admi·

170 3801 259 3872 ratio
282 3825 291 3870 ε
313 3802 412 3871 nulla
429 3799 587 3890 unquam
605 3801 796 3890 Raphaelis
814 3801 935 3871 tabula
950 3798 1142 3908 totlaudes
1161 3797 1291 3888 adepta

170 3922 237 3986 est.
262 3917 311 3986 lie
331 3915 394 3985 ilai
414 3916 559 3987 insolito
580 3917 700 3987 studio
720 3915 890 3986 Vasarius
912 3916 1071 4003 loquitur
1095 3938 1104 3983 t
1130 3946 1141 3972 «
1166 3914 1205 3984 ln
1227 3914 1293 3984 haio
1356 3959 1359 3965 -

170 4030 294 4103 divina
315 4031 463 4121 pictura,
482 4032 544 4113 ait,
566 4032 723 4121 Raphael
746 4031 904 4102 dolorem
927 4038 1070 4102 secutus
1091 4036 1145 4100 est
1165 4047 1292 4119 paren·

171 4148 262 4219 tium
284 4164 374 4236 quos
396 4147 515 4218 subito
538 4154 699 4218 mortuus
730 4147 875 4236 quidam
903 4145 1052 4230 deserih
1084 4144 1292 4216 carissimus

172 4270 211 4334 et
228 4279 350 4336 secum
368 4263 555 4344 honorem,
575 4262 753 4346 virtutem,
773 4269 807 4333 ct
824 4261 1002 4332 fortunam
1021 4258 1130 4334 totius
1146 4259 1293 4331 lamiliae

185 4566 187 4570 .
203 4527 237 4590 11)
252 4525 278 4576 J.
293 4524 415 4584 Rachia,
428 4526 511 4586 lirim,
527 4539 554 4588 p.
572 4523 625 4572 118.
