3160 5152
740 453 743 464 ,
804 370 963 452 -914

324 532 405 607 tura
423 530 568 622 quidem
586 547 703 620 neque
717 528 874 620 poesim,
891 543 1010 617 neque
1031 522 1336 616 pulchritudinem
1352 521 1441 594 bau·

325 648 392 729 rra
414 625 555 719 nae‘an
574 644 656 717 artas
676 644 800 718 ursan:
822 642 967 734 propria
985 648 1104 714 aarum
1126 640 1179 710 1111
1194 647 1229 712 ar
1248 635 1443 729 singularia

326 769 411 835 sunt
428 761 589 847 libertas,
611 767 645 832 et
663 759 784 844 robur,
807 765 842 830 et
857 757 997 829 vividus
1015 756 1114 848 vigor
1137 752 1202 850 (1).
1219 753 1275 826 Ad
1294 753 1443 845 dignita·

325 885 396 951 tenu
424 876 679 968 acquirendam
709 894 747 947 se
772 874 891 966 ipsum
922 873 1015 965 cogit
1042 879 1077 945 et
1103 876 1264 962 torquet,
1299 869 1383 954 sed,
1412 868 1443 940 si

325 1012 414 1066 usus
434 993 571 1078 veniat,
594 993 692 1063 illam
716 989 768 1085 (ut
787 991 905 1063 solent
930 996 1023 1061 recta
1047 996 1082 1061 et
1105 989 1245 1061 sincera
1267 981 1441 1078 ingenia),

1560 351 1562 366 ι

1560 383 1562 404 Ι

1560 419 1562 546 Ξ

1560 547 1562 568 1

325 1105 510 1182 decentids
529 1113 653 1181 tractat
673 1115 707 1180 et
724 1103 863 1179 iacilids
885 1104 1095 1196 exsequitur
1112 1101 1220 1199 quAm
1240 1100 1396 1175 affectati
1409 1106 1444 1173 et
1560 1205 1562 1216 y

325 1223 467 1296 delicati
485 1222 652 1295 artifices.
675 1221 777 1309 Quod
797 1217 903 1313 plan'e
923 1220 960 1292 in
981 1217 1282 1292 Farnesiensibus
1300 1215 1441 1289 aedibus

324 1346 433 1431 patet,
451 1339 489 1410 in
505 1337 638 1429 quibus
654 1338 714 1410 ille
729 1336 869 1428 aliquid
884 1334 1160 1427 magnificentiae
1175 1340 1210 1406 et
1224 1334 1333 1406 lautae
1349 1349 1443 1423 919-

324 1453 510 1526 teritorum
531 1460 732 1545 temporum
753 1451 950 1543 majestatis
970 1449 1147 1523 exhibuit.

373 1569 557 1650 Attamen,
581 1567 648 1639 etsi
669 1566 844 1649 Annibal,
874 1566 999 1638 innata
1024 1565 1231 1650 tenacitate,
1254 1529 1444 1652 circumja-

324 1682 481 1755 centium
497 1684 700 1755 scholarum
716 1681 918 1755 auctoritati
933 1678 1120 1774 paululium
1136 1679 1267 1762 obstet,
1284 1674 1443 1772 (quoties

323 1797 405 1870 verb
425 1799 503 1889 ipse
523 1798 592 1870 sub
616 1799 780 1890 Jugulum
800 1795 946 1889 uaditl),
974 1795 1168 1869 auctoritas
1191 1795 1255 1866 illa
1281 1799 1441 1877 caeteros,

312 1912 445 1986 ‘indole
471 1913 665 1986 debiliores
695 1919 729 1986 91
758 1913 878 1985 forsan
910 1909 1065 1984 manime
1091 1911 1265 1994 excultos,
1295 1907 1441 1999 abripit.

325 2031 409 2128 Post
428 2029 541 2103 libera
560 2028 723 2120 ingenia,
746 2035 828 2120 post
852 2027 1036 2119 proximos
1058 2025 1276 2108 imitatores,
1299 2041 1381 2097 ecce
1398 2021 1444 2094 ad

355 2246 389 2310 (1)
408 2246 485 2295 Illius
507 2246 590 2294 etiam
611 2259 686 2294 mors
705 2245 812 2294 animos
832 2247 926 2294 movet
948 2244 984 2306 (v.
1005 2243 1094 2306 Epist.
1115 2243 1177 2295 Gio.
1200 2242 1273 2294 Bntt.
1297 2239 1442 2304 Aguicchi,

326 2326 355 2377 15
367 2327 418 2388 jul.
436 2325 503 2378 1609.
518 2314 667 2388 19119199,
681 2326 716 2388 11,
734 2325 803 2388 381);
819 2337 929 2374 999999
946 2324 1104 2386 desperatio
1118 2323 1152 2372 de
1167 2321 1283 2384 indigne
1295 2319 1444 2369 cardinalis

324 2405 449 2456 Farnesii
462 2406 562 2469 agendi
572 2406 690 2466 ratione,
705 2419 832 2469 asperum
841 2405 906 2455 vitae
921 2404 1073 2465 fastidium,
1084 2404 1153 2452 adeb
1165 2407 1197 2452 111
1207 2402 1241 2450 de
1251 2401 1306 2450 sibi
1318 2399 1444 2450 conscis-

325 2486 414 2537 999111
427 2500 496 2536 9999
511 2486 644 2549 cogitavit
660 2499 666 2534 :
683 2501 696 2532 u
711 2485 771 2548 Egli
790 2485 862 2534 andb
876 2485 1076 2546 ultimamente,
1092 2482 1171 2547 quasi
1185 2483 1205 2530 11
1222 2481 1335 2532 venisse
1352 2495 1368 2528 a
1381 2480 1444 2542 noja

324 2567 343 2615 il
358 2567 462 2628 vivere,
474 2581 489 2614 a
502 2579 632 2615 concerno
646 2567 673 2614 la
687 2569 775 2614 morte
791 2579 807 2613 a
821 2564 929 2627 Napoli,
944 2578 958 2613 9
973 2576 1030 2613 999
1043 2562 1171 2613 l'uvendo
1185 2564 1295 2611 trovato
1306 2559 1343 2618 11,
1360 2573 1375 2609 9
1390 2562 1443 2608 191-

324 2649 390 2695 9919
406 2647 435 2694 19
451 2649 548 2708 questa
563 2645 684 2708 pessima
704 2645 843 2708 stagione,
860 2639 1443 2706 991199199199191911919191911991991999

324 2725 424 2787 d'aria,
442 2725 477 2774 ad
500 2725 693 2774 911199191199
712 2723 810 2774 Roma.
833 2739 847 2770 r
866 2723 942 2773 19111
962 2737 1011 2774 sex
1033 2723 1093 2772 dies
1115 2721 1307 2785 voluptatibus
1327 2717 1442 2768 9119511

324 2805 417 2868 991111.

355 2884 497 2947 intelligas
518 2883 683 2933 Annibalem
702 2886 833 2946 tanquam
852 2883 934 2932 deum
956 2883 1043 2932 fuisse
1058 2882 1182 2931 habitum
1199 2882 1229 2930 19
1247 2881 1302 2930 1911
1317 2883 1400 2930 aetate
1414 2877 1443 2926 19

324 2964 378 3026 quA
392 2964 470 3012 solus
483 2962 580 3011 rustici
596 2962 690 3024 stirpis
705 2962 829 3026 vigorem
843 2967 870 3012 91
885 2962 1089 3025 919191191191919
1106 2966 1207 3011 servat.

354 3042 492 3092 Berninus
510 3041 622 3104 quidem
635 3056 724 3104 usque
740 3042 773 3090 ad
786 3043 994 3092 venerationem
1010 3041 1074 3104 ergab
1085 3055 1147 3090 eum
1161 3040 1268 3090 aceedit
1283 3041 1365 3101 (Gan,
1381 3037 1441 3100 XV,

323 3123 377 3183 312,
394 3122 457 3184 565).
475 3122 530 3181 Qui
545 3121 630 3184 quium
645 3136 758 3185 parvam
773 3121 918 3171 Annibalis
933 3125 1117 3171 Nativitatem
1137 3121 1245 3170 videret
1262 3133 1267 3168 :
1286 3136 1298 3167 u
1313 3118 1369 3178 Qui
1384 3131 1443 3166 eam

323 3203 446 3263 tenebat,
459 3201 552 3262 9911119
566 3201 650 3250 vitam
664 3200 746 3262 qu'am
758 3201 829 3248 hauc
844 3200 965 3258 tabulam
982 3200 1047 3249 dero
1062 3200 1189 3249 debebat.
1205 3215 1217 3246 n
1234 3199 1303 3262 (XV,
1321 3197 1389 3260 508.)

354 3280 396 3331 De
424 3280 654 3330 Farnesiensibus
682 3280 799 3342 picturis
828 3293 833 3328 :
864 3295 877 3325 u
906 3279 1126 3328 Pulcherrtmurn
1156 3279 1253 3329 Romae
1279 3293 1351 3342 opus
1380 3280 1443 3341 post

323 3357 630 3424 Raphaelem.»(XV1,
650 3357 713 3420 171.)
754 3425 755 3428 ¹

356 3441 403 3489 Ait
418 3441 500 3490 911919
518 3453 524 3489 :
539 3455 551 3486 u
568 3439 589 3488 11
605 3439 762 3488 9911911999
776 3439 880 3502 grande
895 3438 1059 3488 d'Annibale
1075 3455 1087 3486 n
1107 3439 1191 3501 (XVI,
1207 3439 1274 3498 369.)

356 3520 521 3571 Annibalem
536 3519 692 3568 Veronensi
712 3519 797 3568 multb
812 3522 944 3581 praesture
959 3523 1038 3582 putat
1055 3533 1061 3569 :
1078 3534 1092 3567 1
1106 3519 1137 3569 Si
1154 3519 1304 3582 Rapbaelis
1319 3523 1442 3580 tempore

322 3601 454 3659 vixisset,
476 3599 516 3648 illi
537 3597 670 3648 invidiam
690 3600 755 3648 dare
774 3600 926 3662 potuisset,
948 3600 980 3648 eb
996 3601 1083 3663 magis
1099 3599 1270 3660 Veronensi,
1290 3599 1402 3649 Titiano
1417 3601 1443 3648 et

323 3680 486 3743 Correggio.
503 3695 515 3726 n
531 3677 641 3741 (XXIX,
654 3679 720 3742 265.)

241 3805 244 3810 .
355 3759 494 3808 Berninus
510 3757 762 3820 «quadringenties
777 3757 852 3820 ipsas
868 3758 1093 3808 Farnesiensiurn
1106 3759 1208 3809 aedium
1223 3753 1348 3821 91919199
1364 3758 1442 3819 vidit,

321 3843 350 3888 91
366 3853 476 3903 semper
491 3852 586 3888 earum
601 3837 803 3887 imitationibus
820 3838 982 3888 delectatur.
999 3858 1010 3884 n
1024 3839 1134 3902 (XXIX,
1150 3839 1215 3900 157.)

355 3919 445 3983 Caput
461 3918 600 3982 quoddam
613 3917 707 3968 Sancti
718 3918 835 3968 Joannis
850 3920 1007 3982 adspiciens
1022 3933 1029 3969 :
1045 3919 1106 3970 «Se
1116 3919 1191 3970 fosse
1206 3923 1279 3969 stato
1292 3920 1338 3969 nel
1352 3924 1441 3983 tempo

323 4001 351 4050 di
367 4001 501 4062 Rataello,
517 4000 554 4064 gli
567 4001 687 4050 avrebbe
703 4000 767 4048 dato
781 4000 904 4052 fastidio.
921 4018 933 4048 n
951 4001 1061 4062 (XXIX,
1077 4000 1143 4063 153.)
1158 4001 1217 4050 Ε19.

355 4081 508 4131 Memorare
529 4079 611 4130 etiam
632 4078 777 4129 Annibalis
794 4081 966 4144 epitaphium
987 4081 1122 4131 9091919
1141 4081 1441 4144 Μ9191191Ρ99111999,

326 4160 404 4224 1671).
420 4177 434 4210 u
449 4161 569 4210 Annibal
584 4159 743 4220 Garaccius,
759 4159 954 4226 Bononiensis,
969 4160 1013 4212 hie
1028 4165 1070 4211 est
1085 4162 1219 4225 Raphaeli
1235 4163 1342 4214 Sanetii
1359 4161 1442 4212 Urbi·

322 4241 390 4302 9911,
405 4245 518 4302 919119
534 4239 657 4302 ingenio,
672 4239 754 4299 iamA,
770 4239 929 4291 9191919919
944 4243 1098 4304 proximus.
1116 4258 1128 4289 n

352 4321 494 4371 Picturae
486 4335 516 4370 19
528 4319 757 4369 Farnesiensibus
770 4320 878 4370 aedibus
889 4321 945 4371 udo
960 4322 1078 4372 19919119
1094 4323 1172 4372 illitae
1189 4323 1386 4386 apermultis'
1380 4321 1440 4370 rmi-

320 4403 458 4453 tatoribus
479 4405 558 4464 repet
547 4404 643 4450 199191
667 4399 707 4461 (L.
735 4399 903 4463 Glordanus,
926 4401 956 4452 P
982 4398 1383 4490 1116911999,11991999111119
1409 4404 1437 4452 19

321 4480 822 4545 (111119;1,911199;1111991199.)

1559 3515 1562 3638 ι
