3176 5152
711 426 718 438 ¹
804 449 964 512 -co-

327 587 397 662 bus
417 588 581 681 putidum
602 595 668 670 est,
689 593 751 659 aut
770 586 961 668 mediocre,
983 594 1045 659 aut
1063 584 1257 658 admodirm
1274 592 1384 675 turpe
1405 581 1452 677 (et

326 707 365 778 in
386 705 626 777 celeberrimis
654 703 787 774 tabulis
810 700 855 773 Sl
875 701 1096 793 Hieronymi
1114 709 1148 773 et
1168 699 1333 793 Noctis),
1360 700 1450 771 lucis

309 822 485 894 motibus
507 827 663 891 mutatur
684 828 718 891 et
740 819 843 910 quasi
866 818 1151 908 transfiguratur.
1174 815 1303 888 Verlrm
1326 814 1451 906 poesis

328 937 390 1007 illa
410 937 547 1007 lubrica
563 943 616 1006 est
634 942 668 1006 et
682 923 875 1024 'effligiens
894 952 959 1004 nec
974 933 1168 1004 transmitti
1186 931 1451 1022 posterioribus

327 1053 476 1142 poterit,
507 1049 591 1122 ddm
620 1049 742 1121 eontra
769 1058 903 1120 caterae
931 1049 1086 1138 Corregii
1115 1048 1215 1119 dotes
1242 1047 1449 1136 exemplum

327 1167 477 1237 oderent
507 1165 547 1236 eb
575 1165 811 1255 periculosius
840 1163 911 1254 qrrb
942 1164 1077 1254 gratius
1105 1163 1172 1248 sit,
1203 1171 1237 1234 et
1260 1162 1450 1252 sequentis

327 1282 441 1352 aetatis
464 1279 576 1351 indoli
598 1279 880 1352 convenientius.

384 1423 398 1459 a
422 1397 449 1468 0
470 1394 556 1468 Dio!
581 1397 645 1466 che
663 1392 709 1466 n'e
728 1394 877 1466 tibaldo
899 1392 968 1487 (l),
993 1393 1038 1466 nb
1057 1395 1219 1466 Nicolino
1240 1391 1304 1488 (2),
1325 1391 1372 1464 n'e
1395 1399 1450 1464 sto

330 1529 393 1601 per
415 1510 492 1582 dire
513 1510 668 1582 l'istesso
690 1509 858 1581 Rallaello
880 1528 949 1580 non
974 1511 1005 1580 vi
1026 1511 1147 1580 banno
1170 1510 1235 1581 cbe
1253 1509 1326 1580 lare
1346 1503 1445 1601 (5)·’

381 1626 579 1698 Candidum
606 1627 699 1696 hanc
727 1634 761 1697 et
786 1626 971 1697 remissam
998 1625 1189 1697 Annibalis
1211 1625 1366 1696 Caracoii
1392 1641 1451 1694 vo·

331 1759 426 1821 cem,
448 1738 555 1831 quarn
581 1739 686 1811 multi
712 1737 798 1812 llll*
821 1741 945 1812 saeculi
973 1741 1125 1830 pictores
1145 1738 1228 1812 autb
1247 1741 1350 1811 illum
1378 1739 1453 1812 edi·

332 1855 430 1928 disse
451 1856 668 1928 credendum
694 1855 770 1927 est!
798 1855 894 1946 quod
917 1856 1005 1926 satis
1025 1856 1152 1946 probat
1174 1875 1297 1927 eorum
1324 1854 1396 1925 vita
1418 1861 1453 1925 et

333 1972 496 2042 historia.
525 1972 691 2062 Plerique
717 1971 812 2042 enim
837 1989 917 2041 curn
941 1971 1120 2061 Rapbaele
1143 1968 1299 2060 primitur
1326 1977 1361 2041 et
1385 1969 1451 2040 llli-

334 2087 541 2177 cbelangelo
575 2095 781 2166 re1·santur;
814 2087 910 2157 brevi
943 2087 1147 2176 Corregium
1181 2087 1386 2177 reperiunt,
1418 2091 1453 2155 et

335 2202 474 2291 reliqua
499 2201 635 2291 pictura
655 2202 774 2272 statim
796 2201 973 2272 enarrescit
993 2225 1001 2270 :
1025 2200 1145 2272 sublld
1166 2201 1243 2272 luco
1263 2201 1327 2272 toti
1348 2201 1449 2270 inra-

334 2315 482 2388 duntur.
503 2355 546 2368 -
566 2319 731 2388 Dicemus
748 2317 855 2408 igitur
872 2325 940 2387 lam
959 2316 1047 2387 lorte
1062 2335 1142 2388 esse
1160 2316 1317 2406 Corregii
1333 2333 1452 2386 erenr-

335 2433 433 2523 plum
466 2440 522 2509 ut,
556 2433 659 2521 quasi
689 2434 871 2522 contagio,
902 2433 1075 2502 rationem
1105 2431 1203 2501 illius'
1229 2439 1264 2502 et
1289 2430 1451 2501 animum

336 2548 489 2637 excipiet
517 2547 683 2638 quisquis
711 2548 834 2618 talium
866 2547 1003 2618 dotium
1032 2545 1137 2618 anteit
1166 2565 1293 2636 expers
1319 2542 1452 2617 luerit?

336 2659 482 2734 llinimle
509 2687 517 2731 ε
545 2662 699 2753 Correpti
726 2663 841 2734 visex
867 2663 1046 2734 couritur
1073 2661 1169 2750 quod
1196 2660 1350 2732 mirabili
1381 2679 1452 2732 ser·

337 2795 443 2848 mone
476 2795 605 2847 sensus
642 2778 756 2848 {etatis
794 2785 869 2848 suta
904 2777 1123 2856 reconditos,
1160 2794 1225 2847 nec
1257 2774 1450 2846 admoddm

338 2891 477 2971 viriles,
500 2892 680 2981 exprimit.
703 2893 839 2963 Summi
862 2892 1012 2962 Romani
1033 2891 1186 2963 artifices
1207 2891 1307 2962 sanis
1327 2899 1361 2963 et
1381 2892 1452 2962 sin·

337 3005 427 3077 ceris
448 3006 618 3096 operibus
634 3006 837 3078 debilitates
854 3008 933 3077 illas
954 3006 1234 3077 dissimulabant
1249 3013 1284 3077 et
1304 3005 1452 3095 impedi·

339 3129 498 3191 mentum
529 3120 647 3191 cordis
674 3121 918 3192 imminutioni
945 3122 1190 3211 opponebant.
1220 3123 1308 3192 Ecce
1335 3129 1451 3192 autem

338 3234 527 3332 Corregius
548 3236 673 3324 surgit,
697 3235 877 3325 simulque
898 3254 1023 3306 omnes
1043 3236 1121 3306 istae
1141 3243 1292 3313 mentes,
1316 3235 1453 3306 roboris

338 3349 534 3420 fastidiose
557 3359 592 3420 et
616 3350 803 3422 subtilium
829 3370 1000 3422 sensuum
1022 3348 1160 3422 tantum
1183 3350 1353 3435 curiosae,
1376 3358 1453 3420 lan-

338 3463 445 3554 quam
473 3465 510 3534 in
537 3453 738 3537 libertatem
765 3485 844 3538 sese
868 3466 1052 3538 vindicant
1077 3490 1085 3536 :
1114 3467 1183 3538 boc
1208 3464 1354 3538 dembm
1382 3473 1449 3545 est,

339 3578 532 3669 quodiam
561 3581 859 3670 praesentiebant,
889 3580 1085 3653 secretum!
1112 3582 1187 3653 baec
1207 3581 1451 3653 obscuriorum

338 3693 600 3765 desideriorum
637 3695 904 3787 interpretatiol
948 3724 962 3760 t
996 3697 1024 3767 0
1058 3697 1240 3788 Magister,
1273 3723 1289 3759 ι
1329 3697 1454 3768 clamat

339 3809 575 3899 lllgarottius,
604 3837 619 3873 ‹
642 3819 675 3882 te
694 3812 810 3882 solum
829 3810 930 3882 amo!
951 3838 967 3874 ›

391 3924 629 3998 Parmesanus
648 3923 890 4018 (toul-told)
922 3928 1069 3998 Romam
1097 3927 1320 4018 undeviginti
1342 3945 1454 3998 anuos

370 4212 404 4276 (l)
423 4211 579 4275 Pellegrino
596 4215 713 4276 Tibaldi,
730 4216 916 4266 Bononiensis
931 4216 1098 4279 timu-1598).

370 4291 403 4354 (2)
424 4292 538 4342 Niccolo
549 4293 616 4342 ,dell’
632 4295 729 4356 Abale,
745 4295 920 4345 Mutinensis.

373 4371 406 4434 (3)
426 4371 467 4421 cl.
492 4373 637 4435 epistolam
657 4375 833 4437 praesidentis
857 4376 891 4424 dc
916 4376 1046 4434 Brosses,
1071 4381 1134 4438 post
1157 4383 1310 4440 spectatam
1332 4377 1458 4441 Corrcgii

340 4457 455 4502 Noctem
472 4453 571 4502 :uPor
582 4453 655 4503 Deos
671 4455 847 4516 immortales,
864 4463 996 4519 quantum
1010 4457 1093 4520 opus!
1109 4458 1204 4520 Parce,
1216 4457 1311 4507 (livine
1326 4458 1458 4523 Ropbael,

343 4535 366 4588 si
381 4535 488 4587 nullum
501 4549 536 4586 ex
554 4536 685 4606 operibus
701 4538 756 4588 tuis
770 4537 876 4588 tentiam
889 4550 932 4588 me
947 4535 1108 4588 commovit!
1124 4550 1139 4584 ι
