3160 5152
808 423 967 488 ...98-

330 563 492 636 flectatur
520 565 597 656 ejus
626 553 812 636 fastidiosa
838 562 921 655 erga
940 564 1184 656 hyperboreos
1206 563 1380 638 barbaros
1399 564 1450 638 ar-

331 679 493 770 rogantia
515 677 580 772 (l).
618 681 813 754 Berninum
844 680 939 752 enim
967 681 1071 769 quasi
1097 687 1232 753 secreto
1256 683 1448 755 certamine
1490 664 1491 670 Ν

332 794 547 886 exagitatum
578 795 846 887 deprehendas,
878 794 975 885 quod
1005 793 1069 866 illa
1094 796 1230 888 ingenii
1261 796 1311 882 vi,
1342 817 1449 888 quam

331 927 461 1001 negare
480 911 598 1002 gestit,
621 911 754 983 inritus
771 917 932 982 movetur
952 917 986 982 et
1006 910 1184 983 obruitur.
1201 911 1383 985 Festivom
1398 919 1451 986 est

332 1043 529 1098 memorare
555 1029 627 1118 qua
654 1035 772 1100 mente
798 1026 879 1118 ipse
906 1027 1106 1099 Chantelou
1132 1017 1334 1119 tabularum
1362 1057 1451 1097 συνα-

331 1141 431 1238 γωγάς
463 1141 636 1214 inviserit.
667 1143 838 1214 Garrulus
866 1142 934 1213 isto
960 1149 994 1214 et
1019 1141 1204 1232 inquietus
1228 1143 1380 1234 jactator
1406 1143 1451 1216 ad

331 1256 515 1328 silentium
538 1257 721 1348 redigitur.
750 1257 926 1330 Paulatim
949 1276 1014 1330 nec
1034 1266 1174 1349 sponte,
1202 1258 1308 1330 rerba
1328 1259 1373 1330 ab
1392 1278 1451 1332 ore

331 1372 409 1463 eius
423 1374 521 1444 merd
532 1373 770 1446 admiratione
786 1373 990 1447 eliciuntur.
1014 1372 1068 1445 lo
1087 1374 1269 1457 ultimum,
1291 1393 1364 1447 non
1377 1375 1450 1466 jam

332 1506 371 1560 se
389 1489 560 1575 continet,
584 1507 650 1561 noe
667 1490 920 1563 contumeliam
938 1490 1145 1562 dissimulat
1161 1491 1245 1580 qua,
1262 1509 1372 1580 opero
1387 1510 1452 1563 sua

332 1623 411 1676 oum
438 1606 548 1677 tantis
576 1606 757 1677 miraculis
783 1606 1047 1697 comparando,
1077 1603 1242 1679 efficitur.
1273 1609 1347 1678 lloo
1374 1607 1451 1678 visu

332 1719 461 1792 deliris
493 1721 606 1792 oculis
633 1721 836 1803 obsidetur,
868 1739 985 1812 neque
1015 1739 1098 1793 oum
1129 1722 1292 1812 Raphael
1319 1723 1397 1813 ipse
1431 1741 1452 1794 a

333 1836 1449 1928 Pussiniodeducereralet.llespereadeamdemcogitalionem

332 1951 445 2035 redit;
468 1961 610 2043 postero
635 1953 693 2025 die
713 1952 805 2024 nihil
831 1951 928 2032 dicit,
953 1959 1048 2025 totus
1068 1953 1107 2024 in
1129 1953 1321 2036 memoria3
1345 1952 1453 2024 rerba

332 2074 452 2140 tamen
481 2068 603 2158 elapsa
628 2074 829 2141 monstrant
853 2085 974 2139 curam
1001 2085 1118 2158 usque
1142 2086 1353 2159 permanere
1384 2062 1448 2162 (2).
1558 2156 1563 2165 ,

364 2285 397 2348 (1)
417 2286 565 2348 Nunquam
585 2284 659 2333 enim
679 2286 771 2333 locum
790 2285 892 2334 amittit
913 2288 1024 2348 gentem
1042 2289 1165 2334 nostram
1185 2285 1358 2334 detrectandi
1378 2283 1453 2346 (vide

333 2366 409 2430 Diar,
421 2367 546 2426 passim,
562 2365 640 2426 XVI,
659 2364 717 2424 tlt,
736 2365 799 2426 175).
820 2365 860 2413 De
880 2379 935 2427 quo
956 2365 1032 2414 dolet
1047 2365 1168 2428 graviter
1182 2363 1310 2426 Colbert,
1330 2367 1357 2414 et
1375 2364 1453 2412 illum

332 2447 457 2496 refellere
469 2447 561 2498 vellet.
579 2445 671 2504 Quum
685 2445 763 2494 audit
776 2445 928 2494 Berninum
943 2445 1075 2495 Pussinio
1089 2445 1186 2495 laudes
1199 2445 1311 2494 dedisse
1327 2459 1334 2494 ε
1352 2460 1365 2492 r
1382 2443 1453 2493 Gra·

332 2529 390 2576 tum
406 2527 504 2589 habeo,
521 2526 571 2584 ait;
590 2527 686 2574 saltem
704 2525 807 2588 aliquid
823 2526 852 2574 in
867 2524 956 2574 Gellia
969 2526 1109 2575 laudavit!
1127 2541 1139 2572 a
1155 2525 1247 2588 (ibid,
1264 2523 1339 2586 XVl,
1356 2522 1423 2584 373.)

363 2606 397 2670 (l)
413 2605 496 2655 Stans
512 2603 575 2654 ante
591 2609 704 2665 Septem
719 2609 905 2654 Sacramenta
927 2623 934 2654 .·
950 2621 965 2653 r
980 2605 1146 2655 Veramente
1160 2604 1231 2668 quel'
1249 2617 1333 2654 nomo
1350 2601 1364 2652 ὀ
1379 2605 1453 2651 stato

332 2701 371 2736 un
384 2686 487 2750 grande
502 2686 690 2735 istoriatorae
710 2685 813 2748 grande
832 2686 1059 2748 iavoleggiatore.
1077 2702 1089 2732 a
1106 2713 1137 2722 -
1152 2688 1224 2735 Ante
1239 2685 1429 2734 Bacchanalia
1445 2688 1453 2720 ·'
1563 2727 1566 2750 ,

334 2767 416 2816 oOil
431 2765 535 2828 grande
552 2764 783 2827 iavoleggiatore!
802 2779 814 2810 o
837 2791 860 2799 -
878 2766 949 2813 Ante
966 2767 1220 2826 confirmationem
1237 2781 1270 2814 :r
1287 2765 1330 2814 Ha
1345 2765 1453 2814 imitato

333 2847 351 2894 il
367 2845 484 2895 colorito
496 2844 524 2892 di
537 2843 659 2892 Raiaelle
671 2843 699 2891 in
710 2844 774 2906 quel
789 2843 895 2906 quadro
906 2857 912 2902 ;
928 2843 942 2892 d
957 2859 996 2894 un
1009 2847 1053 2894 bel
1064 2846 1203 2895 istoriare.
1216 2843 1273 2894 Che
1288 2843 1451 2892 divozione!

306 2958 310 2965 ·
334 2927 391 2978 Che
407 2925 536 2976 silenzio!
554 2923 612 2975 Cho
631 2925 751 2973 bellezza
769 2940 785 2973 a
805 2927 897 2988 quella
918 2923 1011 2988 putta!
1031 2945 1042 2969 a
1065 2953 1095 2962 —
1116 2926 1277 2976 Procumbit
1294 2938 1368 2987 genu
1389 2929 1453 2973 ante
1565 2985 1566 2988 Ἴ

265 3035 266 3038 =
333 3013 498 3057 Extremam
523 3008 709 3067 Unctionem,
731 3001 841 3054 mutans
863 3005 1012 3068 aliquando
1033 3005 1168 3059 cristalla,
1191 3011 1218 3054 ot
1240 3005 1454 3054 admirationem
1565 3039 1566 3050 ,

333 3101 412 3136 suam
426 3087 537 3137 silentio
552 3085 719 3154 exprimens,
738 3111 767 3121 -
782 3084 850 3134 Item
864 3090 928 3134 ante
942 3089 1089 3146 Baptisma
1101 3105 1107 3135 :
1119 3085 1253 3148 exsurgit,
1267 3099 1340 3148 genu
1356 3085 1454 3146 flectit,

333 3170 420 3219 sedet.
436 3168 557 3218 Tandem
577 3166 616 3215 ait
634 3179 639 3215 :
658 3181 670 3213 u
685 3166 739 3215 Vol
757 3165 872 3216 m’avete
890 3167 955 3215 dato
972 3167 1036 3230 oggi
1054 3181 1093 3215 un
1113 3165 1298 3228 grandissimo
1314 3164 1454 3226 disgusto,

333 3249 532 3299 mostrandomi
543 3249 569 3297 la
580 3246 654 3299 virtir
666 3246 732 3295 d'un
741 3260 825 3296 uerno
839 3248 890 3296 clre
902 3247 939 3295 mi
950 3248 977 3296 ia
986 3260 1138 3296 conoscere
1148 3247 1198 3296 che
1211 3258 1268 3294 non
1279 3259 1310 3294 so
1321 3247 1429 3294 niente.
1442 3258 1454 3290 a

333 3330 419 3380 -Illi
437 3330 579 3392 parvulam
594 3327 742 3391 Raphaelis
757 3329 879 3376 tabulam
895 3331 1067 3388 monstrant3.
1086 3326 1136 3376 sed
1151 3325 1185 3374 ad
1199 3325 1359 3374 Extremam
1377 3323 1455 3373 Unc-

303 3418 311 3436 ¹
334 3410 437 3458 tionem
452 3410 544 3456 manet
559 3419 713 3456 conversus
735 3419 741 3454 :
764 3422 776 3453 «
798 3405 828 3455 Io
844 3407 926 3456 stimo
942 3407 1033 3469 questi
1048 3405 1148 3468 quadri
1164 3417 1241 3454 come
1256 3417 1286 3452 se
1301 3404 1412 3458 iussere
1428 3402 1456 3452 di

335 3490 399 3554 qual
416 3489 440 3537 si
461 3487 554 3550 voglia
572 3487 675 3549 pittore
694 3486 744 3534 che
760 3486 802 3535 sia
816 3490 889 3535 stato
904 3487 929 3534 al
946 3487 1057 3536 mondo.
1074 3502 1133 3532 u-
1152 3485 1228 3533 Inter
1242 3483 1413 3545 Raphaelem
1429 3484 1456 3530 et

335 3569 504 3629 Pessimum,
517 3571 610 3614 utrum
621 3566 704 3628 eligat
716 3567 805 3614 nescit
819 3585 825 3614 a
839 3581 851 3612 e
864 3566 980 3628 Semper
992 3567 1104 3616 laudavi
1120 3565 1281 3615 Pussinium
1292 3563 1456 3626 Dominum,

334 3654 361 3700 et
374 3649 486 3698 memini
503 3646 625 3696 Gnidum
643 3660 707 3708 erga
727 3661 769 3694 me
786 3647 869 3695 irasci
888 3647 962 3709 quod
982 3647 1057 3696 illius
1077 3648 1198 3695 tabulam
1213 3658 1276 3709 quae
1293 3648 1336 3693 est
1351 3644 1381 3692 in
1399 3641 1457 3692 San

334 3731 438 3791 Pietro,
454 3728 560 3778 scilicet
573 3725 606 3775 Sc
621 3727 734 3789 Erasmi
749 3729 928 3787 Martyrium,
945 3727 1060 3773 nimium
1076 3726 1110 3774 ad
1127 3728 1186 3788 ejus
1202 3730 1332 3781 mentem,
1349 3722 1457 3786 praedi-

334 3810 468 3871 caverim,
484 3805 602 3856 dicendo
618 3805 653 3853 ad
668 3804 811 3853 Urbanum
826 3804 891 3853 Vlll
908 3819 913 3853 ε
932 3821 944 3853 u
961 3804 998 3855 Se
1012 3805 1040 3852 io
1056 3805 1125 3853 iossi
1141 3805 1252 3866 pittore,
1266 3803 1331 3866 quel
1347 3801 1457 3864 quadro

334 3891 532 3952 midariagran
545 3884 770 3935 mortificaziono.
783 3900 795 3930 a
810 3884 882 3934 «Ille
895 3898 1033 3933 summum
1044 3885 1126 3934 habet
1138 3885 1290 3947 ingenium,
1300 3881 1456 3945 etinsuper

334 3971 506 4036 praeoipuum
524 3969 558 4017 de
573 3966 738 4028 antiquitate
753 3965 876 4015 studium
890 3965 980 4017 duxit.
996 3981 1009 4012 a
1025 3991 1054 4002 -
1068 3965 1201 4027 Vespere,
1217 3977 1302 4026 quum
1318 3963 1457 4012 deambu-

333 4054 403 4102 laret
415 4049 562 4108 Berninus,
576 4048 607 4094 in
621 4045 712 4094 medio
725 4045 864 4106 colloquio
878 4045 968 4107 surgit
979 4050 1006 4094 et
1020 4043 1136 4107 abrupte
1150 4043 1185 4092 ad
1199 4042 1355 4094 chantelou
1368 4041 1457 4091 dicit:

335 4132 424 4183 «Non
438 4131 476 4178 mi
488 4141 573 4193 poseo
591 4127 669 4176 levar
686 4124 730 4174 del
747 4130 927 4188 pensemento
944 4125 1036 4186 questi
1055 4125 1118 4174 suoi
1134 4123 1242 4187 quadri.
1258 4137 1272 4178 a
1289 4121 1378 4184 (Diar,
1396 4126 1458 4173 Gar.

335 4217 384 4264 des
398 4213 580 4266 limax-Aris,
590 4205 668 4266 XVI,
686 4204 738 4263 178,
754 4204 817 4267 179.)
1353 4225 1356 4231 ·

366 4292 428 4342 Alia
443 4291 497 4350 die,
513 4287 606 4338 subito
621 4285 660 4333 ait
675 4297 681 4334 :
697 4300 709 4331 o
724 4284 816 4334 Pauca
826 4288 900 4343 sunt,
917 4283 1093 4347 quocumque
1109 4297 1165 4344 eas,
1182 4282 1304 4332 Pussinii
1321 4283 1460 4346 operibus

335 4373 463 4436 aequalia,
482 4371 566 4420 Plura
580 4365 694 4417 invenio
712 4365 742 4413 in
755 4365 812 4414 unat
826 4367 885 4428 ejus
900 4365 1056 4414 tabularum
1071 4364 1159 4426 figuret
1175 4363 1311 4424 notanda,
1328 4362 1415 4425 quarn
1430 4365 1460 4412 in

335 4453 441 4515 magnis
456 4451 617 4513 συναγωγαῖς.
634 4445 684 4495 Vir
698 4445 745 4493 ille
759 4446 789 4493 in
804 4445 878 4494 omni
894 4459 924 4494 re
939 4446 1010 4494 altus
1026 4447 1077 4506 est,
1093 4449 1120 4492 et
1132 4443 1324 4493 fecundissimi
1339 4443 1460 4508 ingenii.

335 4535 368 4586 ln
382 4533 430 4582 illo
444 4532 517 4580 linea
528 4527 611 4578 simul
621 4531 649 4575 et
661 4515 748 4575 colol'
753 4525 835 4576 valet.
847 4525 987 4575 Titianum
999 4523 1102 4589 optime
1114 4524 1254 4588 quondam
1263 4523 1392 4574 imitatus
1407 4527 1459 4587 ost,
