3176 5152
683 389 840 459 253..

192 532 319 624 magni
341 533 552 617 1101001111,
577 535 776 613 uberiorem
799 553 944 626 quoque
962 555 1004 608 ae
1023 535 1230 612 viridiorem
1252 557 1318 614 na-

191 653 329 720 turam.
353 647 481 721 Verium
502 649 548 722 ad
566 651 654 722 artis
674 652 870 722 certamina
892 648 1040 722 minime
1059 652 1133 742 apti
1154 659 1315 737 exstant3

194 771 339 854 oportet
360 765 442 836 illos
462 767 498 837 io
522 766 676 838 vallibus
698 767 794 851 suia.
819 767 887 838 sub
906 766 1045 838 deeoris
1067 767 1233 848 collibus,
1255 788 1319 860 per

193 897 327 951 aureas
358 881 515 970 genistas
548 888 582 952 et
612 882 785 953 candidos
819 881 999 953 narcissos
1028 881 1148 972 quiete
1175 883 1315 958 florere.

194 994 405 1066 Viriliorum
425 995 648 1086 ingeniorum
666 995 933 1085 propinquitate
950 995 1166 1079 obruuntur,
1184 999 1318 1070 aliena·

195 1129 279 1180 rum
305 1110 464 1184 idearum
491 1120 525 1182 el
552 1129 670 1182 rerum
698 1119 948 1182 extranearum
973 1120 1138 1183 contactu
1159 1122 1318 1186 0001101-

194 1232 334 1295 000101
365 1248 373 1302 ;
401 1222 477 1298 tiam
506 1227 543 1297 iu
570 1245 609 1299 se
641 1227 738 1317 ipsos
767 1226 966 1316 refugiunt.
996 1233 1059 1298 ant
1085 1228 1164 1300 siue
1187 1229 1317 1320 gaudio
1350 1231 1352 1234 ’

194 1339 343 1411 cedunt.
366 1339 520 1413 Affectus
542 1341 735 1414 muliebres
756 1340 894 1420 lerunt,
918 1341 1067 1431 gratiam
1085 1342 1281 1431 juvenilem
1305 1368 1314 1414 ε

193 1453 257 1524 his
274 1453 351 1560 dies
370 1473 443 1529 una
460 1455 583 1538 datum
609 1458 681 1528 unt
701 1457 759 1530 die
780 1457 1005 1548 tranguntur.
1233 1452 1236 1457 ’

729 1735 777 1766 aa

252 1894 423 1969 Caeterum
453 1897 521 1969 boo
548 1898 633 1970 vitio
663 1916 736 1968 non
766 1898 843 1968 sola
873 1898 1012 1970 laborat
1041 1898 1207 1978 Ombria;
1238 1899 1318 1990 ipsa

194 2011 487 2086 Florentiuorum
506 2013 639 2104 poesis.
659 2014 811 2084 somniis
826 2011 951 2104 parium
968 2012 1103 2093 dedita,
1121 2014 1157 2084 in
1178 2015 1250 2104 qua
1264 2014 1318 2085 in-

192 2127 360 2198 tellectus
387 2127 611 2206 demissior,
643 2148 702 2199 eor
729 2137 847 2200 autem
881 2125 1001 2199 minias
1037 2129 1147 2211 valet,
1180 2129 1317 2200 vicibus

192 2241 277 2312 suis
296 2242 504 2331 languescit.
525 2242 692 2332 Undique
712 2243 939 2314 imminuitur
962 2242 1159 2334 ingenium.

249 2355 404 2428 Verbum
429 2375 541 2428 unum
570 2357 741 2429 eontinub
768 2357 919 2430 reditio
946 2357 1084 2428 Veserii
1108 2357 1152 2429 de
1174 2357 1317 2430 Andree

193 2471 256 2542 del
274 2473 388 2554 Sarte,
409 2490 514 2561 quem
532 2473 599 2544 iste
617 2470 750 2563 optime
768 2475 883 2554 norat,
902 2471 1051 2561 Judioio,
1072 2471 1207 2543 scilieet
1225 2471 1316 2541 timi-

190 2585 289 2658 dilus
312 2583 380 2678 (1).
410 2589 493 2658 Hae
518 2587 664 2678 quidem
692 2586 867 2659 timiditas
896 2605 967 2660 non
1000 2586 1045 2657 ab
1076 2586 1315 2678 intelligentie

193 2703 324 2783 oritur,
355 2721 436 2792 quae
464 2704 501 2772 in
529 2703 591 2773 illo
620 2709 716 2773 eerta
745 2709 778 2772 et
811 2699 1007 2790 tranquilia
1034 2707 1100 2772 est.
1132 2700 1316 2790 Quidquid

193 2817 295 2888 enim
334 2825 471 2902 tremat,
506 2818 694 2890 nobilitate
729 2816 884 2906 quadam
919 2823 953 2886 et
988 2816 1160 2906 dignitate
1196 2824 1313 2887 ornat.

199 2959 218 2994 ι
247 2932 444 3003 delineatio
472 2933 549 3022 ejus
576 2935 701 3022 suapte
729 2931 850 3001 indole
874 2949 962 3020 pura
986 2937 1020 3001 et
1046 2938 1250 3008 venusta»
1277 2931 1314 3000 in

191 3046 276 3117 dies
302 3046 426 3117 fortior
453 3045 492 3118 lit
519 3053 553 3118 et
580 3046 752 3136 amplior3
776 3063 893 3134 neque
919 3044 1024 3116 etiam
1051 3046 1147 3115 ullus
1172 3063 1214 3116 ex
1238 3046 1316 3116 Fle-

191 3162 351 3234 renliuis
375 3170 561 3233 externum
590 3169 728 3232 natura
755 3161 963 3251 adspectum
990 3158 1180 3249 perfectius
1205 3160 1313 3238 videt.
1360 3229 1361 3234 .

192 3296 263 3348 nee
283 3278 415 3349 lormas
436 3279 605 3349 solerlids
628 3285 663 3348 et
684 3276 886 3347 robustiore
902 3275 1069 3364 penicillo
1089 3274 1225 3366 effingit
1249 3272 1312 3370 11).

190 3393 405 3464 Notationes
425 3394 502 3482 ejus
519 3390 717 3481 aliquando
733 3391 860 3461 vividae
873 3397 970 3470 sunt,
993 3397 1032 3461 ut
1049 3391 1312 3481 Hispanorum;

192 3507 393 3578 viventium
418 3507 593 3596 imagines
619 3506 772 3597 eleganti
801 3505 997 3577 subtilitate
1017 3507 1158 3597 pleuaea
1172 3506 1313 3596 1010111-

193 3623 286 3694 lium
305 3623 508 3694 animorum
530 3621 679 3711 gratiam
701 3622 872 3692 incertam
891 3629 926 3692 et
948 3622 1136 3712 poetieam,
1152 3619 1315 3694 defesso-

226 3856 260 3920 11)
276 3873 289 3905 u
305 3857 336 3908 st
351 3858 397 3906 ille
412 3859 517 3907 tantiam
532 3859 672 3907 firmitatis
688 3872 719 3908 ae
732 3857 906 3906 strenuitatis
922 3857 1007 3906 animi
1024 3856 1158 3919 quantiam
1171 3861 1260 3906 aeutae
1275 3855 1316 3904 di·

189 3937 319 3999 ligentiae
335 3942 362 3986 et
375 3937 440 3986 artis
453 3937 561 3999 peritiae
575 3937 748 3988 habuisset...
765 3952 777 3982 1

226 4031 239 4062 r
256 4015 312 4066 Sed
327 4016 412 4064 animi
428 4017 556 4078 quaedam
572 4017 705 4066 timiditas
722 4020 749 4065 et
763 4017 884 4078 ingenua
899 4015 1035 4065 modestia
1047 4015 1076 4062 in
1086 4015 1134 4064 illo
1145 4015 1272 4066 ardorem
1285 4031 1316 4066 ae

170 4095 355 4164 'superbiam
370 4095 585 4146 cohibuerunt...
600 4112 612 4142 1
1107 4109 1109 4116 ⁴

226 4192 239 4223 u
254 4173 386 4226 Creditur
399 4175 476 4222 illum
495 4176 616 4238 antiquae
632 4179 659 4224 et
674 4175 838 4224 recentioris
859 4175 1009 4236 sculpturae
1025 4175 1054 4222 in
1069 4173 1157 4224 Roma
1175 4175 1319 4238 001111011-

189 4256 324 4307 territum
345 4255 446 4315 fuisse,
462 4257 543 4304 simul
559 4260 586 4305 et
598 4261 639 4304 tot
661 4255 808 4317 Raplraelis
826 4253 1026 4316 discipulorum
1042 4255 1118 4314 visu,
1134 4269 1253 4317 quorum
1268 4269 1318 4302 au-

191 4337 276 4386 dacia
301 4340 328 4384 et
353 4336 494 4384 temeritas
517 4335 556 4384 illi
582 4350 645 4398 spes
667 4348 762 4383 omnes
783 4334 933 4396 praestandi
955 4334 1123 4396 eripiebant,
1146 4336 1318 4399 perculsum,

189 4417 265 4468 adeo
280 4422 312 4465 ut
325 4415 494 4464 Florentiam
511 4416 601 4464 redire
616 4415 815 4478 properaverit.
831 4428 845 4460 1
860 4413 977 4476 (vasari,
992 4415 1124 4476 passim.)

224 4499 262 4568 (1)
281 4497 389 4550 Confer
403 4497 478 4549 illius
494 4497 636 4550 mendieos
649 4511 712 4547 cum
726 4494 829 4544 Murilli
842 4495 953 4546 tabulis.
