3176 5152
795 489 833 500 -
856 449 955 516 50-

310 641 314 651 ·
365 589 559 693 Mediocres
577 586 715 661 tantum
735 589 850 660 animi
872 589 917 662 do
937 585 1040 660 seila
1059 589 1216 680 gestiunt
1235 585 1298 684 (1).
1317 587 1438 660 Animi

317 870 413 933 plevit.
429 870 510 919 Nunc
526 875 617 918 autem
638 869 706 916 mihi
727 874 878 930 praesentat
898 869 971 917 idem
990 869 1058 916 illud
1079 869 1165 916 fatum
1178 873 1287 916 ‘tautam
1311 867 1436 930 gloriam,

319 954 359 997 tot
378 949 489 1010 merita,
508 954 610 997 tantam
629 949 760 1010 gratiam,
783 948 913 997 virtutem
930 954 956 996 et
977 948 1226 1010 pulchritudinem,
1240 952 1270 994 ut
1289 948 1438 1009 permultos

318 1043 446 1093 superem
462 1034 489 1078 et
504 1029 559 1078 illis
575 1031 622 1091 qui
644 1043 687 1077 me
709 1033 909 1091 superaverant
925 1033 1051 1089 aequatus
1067 1029 1128 1077 sim.
1144 1054 1174 1062 -
1190 1028 1232 1076 Ob
1254 1041 1341 1074 arnum
1355 1027 1438 1074 vehe-

318 1115 424 1158 menter
440 1109 531 1167 doleo,
548 1109 622 1172 quod
639 1114 745 1157 tantum
761 1115 884 1171 tempus,
901 1113 931 1156 ut
948 1109 1008 1169 ipse
1024 1109 1128 1159 fateor.
1145 1107 1276 1170 superbiri
1291 1120 1437 1168 consump-

318 1190 410 1239 serim.
427 1189 550 1251 Fragiles
566 1194 632 1238 suut
648 1189 832 1251 cogitationes
849 1189 990 1248 humanae,
1009 1201 1111 1249 easque
1126 1194 1225 1235 ventus
1242 1187 1314 1250 rapit
1339 1213 1368 1222 -
1383 1186 1438 1236 Sed

319 1270 384 1332 quia
399 1269 497 1317 inutile
511 1273 553 1318 est
568 1269 715 1331 paenitere,
729 1273 890 1317 contentum
906 1272 981 1316 sorte
1001 1267 1062 1315 mea
1076 1281 1119 1315 mc
1135 1267 1278 1316 aestimabo
1294 1267 1339 1328 qui
1348 1303 1353 1324 ,
1366 1266 1439 1314 Ben-

321 1355 455 1410 venutus,
471 1351 500 1397 in
516 1351 582 1397 flore
602 1349 677 1397 illius
694 1349 864 1411 dignissimas
886 1348 1020 1398 Toscanae
1037 1352 1117 1396 terrae
1136 1347 1205 1395 adab
1221 1352 1335 1396 evectus
1350 1347 1408 1394 sim.
1426 1361 1438 1392 a

351 1429 489 1480 Gaeterirm
507 1430 663 1479 [lonvonuti
677 1429 808 1490 superbia
823 1443 909 1490 prope
925 1430 954 1476 in
971 1428 1106 1476 insaniam
1122 1428 1235 1476 desinit.
1248 1454 1276 1462 -
1290 1427 1353 1489 lpsa
1367 1426 1439 1474 anti-

320 1508 420 1572 quitas,
434 1510 457 1558 si
474 1510 498 1558 ei
517 1509 624 1569 ctoriae,
640 1509 707 1556 nihil
724 1507 799 1555 aliud
815 1509 885 1555 valet
903 1506 984 1569 quarn
1000 1511 1030 1554 ut
1047 1507 1203 1554 Beuvcnuti
1219 1519 1305 1568 opera
1324 1506 1441 1554 clariora

320 1590 526 1652 comparatione
546 1588 655 1639 efficiat.
670 1587 736 1650 Ejus
751 1589 864 1646 Jupiter
879 1601 952 1636 aerea
967 1586 1093 1648 exempla
1108 1586 1210 1644 obruit,
1229 1598 1291 1647 quae
1312 1584 1442 1632 Primati·

320 1668 380 1716 cius
396 1683 412 1716 a
428 1668 515 1716 Roma
531 1668 660 1730 portavit.
673 1693 701 1702 -
718 1684 729 1712 a
745 1666 805 1714 Viri
821 1667 928 1714 ordinis
945 1666 1007 1723 mci,
1024 1665 1072 1721 ait,
1083 1663 1162 1726 'digni
1179 1671 1244 1712 sunt
1260 1664 1307 1726 qui
1322 1665 1441 1724 loquan-

320 1752 439 1796 turcum
457 1747 653 1804 PontificibuS,
670 1751 697 1794 ot
710 1746 927 1808 imperatoribus
943 1752 968 1792 et
985 1746 1099 1792 summis
1116 1746 1237 1806 regibus.
1254 1744 1285 1792 ln
1300 1747 1358 1791 toto
1374 1745 1442 1790 orbe

320 1827 391 1876 duos
407 1827 474 1875 mihi
495 1827 598 1874 similes
614 1840 669 1875 non
686 1826 818 1889 reperias.
835 1841 847 1870 ιι
862 1824 1030 1872 -Tandem
1050 1839 1079 1872 se
1096 1825 1234 1872 viventem
1255 1826 1440 1881 canonizare,

320 1911 352 1954 ut
366 1905 405 1954 ita
421 1905 636 1968 dicam,'audet:
649 1905 744 1953 «Nolo
758 1913 849 1952 tacere
865 1903 1098 1951 mirabilissimam
1109 1916 1166 1950 rem
1182 1914 1244 1963 quae
1259 1900 1381 1962 unquam
1394 1901 1442 1948 ho-

321 1985 388 2036 mini
404 1985 560 2046 contigerit.
578 1983 656 2032 Scias
672 1983 754 2040 enim,
771 1987 833 2044 post
848 1987 1002 2030 enarratam
1016 1981 1144 2043 superius
1160 1981 1311 2038 visionem,
1331 1979 1396 2026 mibi
1410 1979 1443 2026 in

321 2066 411 2128 capite
433 2064 548 2113 baesissa
569 2066 757 2125 portentosam
776 2062 879 2120 lucem,
897 2075 959 2122 quae
981 2057 1132 2108 clarissimi
1152 2060 1213 2108 visa
1233 2059 1285 2106 fuit
1307 2073 1323 2106 a
1345 2059 1443 2120 paucis

321 2145 427 2202 amicis,
438 2144 543 2206 quibus
559 2144 632 2190 illam
646 2141 765 2190 ostendi.
782 2141 858 2190 lllam
874 2142 1033 2203 prospicere
1049 2146 1099 2197 est,
1111 2140 1140 2187 in
1155 2139 1254 2187 umbra
1266 2139 1336 2199 meai,
1351 2138 1441 2199 mane,

321 2238 371 2288 per
387 2224 455 2272 duas
468 2223 551 2271 boras
567 2226 630 2284 post
643 2219 770 2270 eirortum
782 2220 864 2277 Solis,
876 2221 1030 2283 praesertim
1045 2233 1129 2282 quum
1140 2231 1252 2282 gramen
1264 2231 1326 2266 rore
1342 2217 1443 2264 diffun-

322 2304 407 2362 ditur,
424 2307 465 2359 ot,
479 2314 607 2363 vespere,
626 2299 700 2348 circa
720 2301 922 2362 crepusculum.
945 2299 1019 2347 lllam
1043 2301 1161 2364 primum
1177 2299 1206 2345 in
1221 2297 1323 2359 Gallia,
1341 2297 1442 2345 Parisii

322 2383 426 2444 notavi,
441 2382 489 2430 ubi
503 2381 587 2429 multb
600 2380 701 2428 clarius
717 2379 799 2441 quam
812 2380 840 2427 in
856 2380 936 2428 ltalia
948 2381 1106 2442 apparebat,
1123 2379 1196 2440 quia,
1208 2377 1238 2425 in
1251 2377 1306 2426 ista
1318 2378 1442 2438 regione,

322 2477 369 2512 aer
384 2463 535 2524 vaporibus
551 2473 625 2522 saepe
647 2460 763 2522 spissior
785 2464 835 2508 est.
853 2459 970 2508 Possum
986 2465 1076 2507 tamen
1091 2461 1165 2506 illam
1183 2459 1211 2506 in
1227 2458 1356 2507 omnibus
1372 2457 1444 2506 locis

322 2541 459 2592 arridere
475 2545 501 2589 et
517 2544 681 2600 monstrare,
698 2540 745 2588 sod
761 2540 853 2588 minias
869 2538 998 2586 distincte
1013 2538 1094 2600 quam
1108 2539 1136 2586 in
1153 2527 1254 2587 Gauia'
1264 2553 1276 2583 a

354 2621 424 2680 Quae
443 2621 579 2669 artificum
603 2619 734 2682 superbia
755 2619 841 2680 magis
864 2619 945 2667 etiam
968 2618 1074 2666 XVII¹¹¹⁰
1096 2619 1199 2666 saeculo
1221 2617 1335 2673 crescit,
1359 2620 1443 2679 atque

323 2703 405 2751 etiam
420 2702 452 2750 eb
466 2701 496 2748 iit
512 2700 636 2749 odiosior
649 2700 702 2762 qub
715 2700 805 2748 minus
821 2701 943 2762 ingenua
957 2704 1045 2747 est·
1055 2699 1144 2748 Notus
1156 2703 1197 2746 est
1207 2697 1343 2746 ridiculus
1357 2696 1444 2746 Guidi

323 2787 485 2844 apparatuS,
502 2783 580 2842 eujus
597 2781 705 2829 officina
727 2781 825 2828 iisdem
841 2781 1011 2828 solemnibus
1030 2793 1060 2827 ac
1077 2779 1148 2841 rogis
1169 2780 1231 2827 aula
1250 2778 1442 2838 submittitur3

324 2863 452 2924 discipuli
468 2865 526 2924 ejus
537 2862 725 2924 apparitorum
739 2866 830 2923 partes
846 2865 943 2922 agunt:
960 2861 1020 2922 ipso
1034 2861 1178 2922 magnifico
1196 2859 1298 2908 vestitu
1316 2859 1441 2917 indutae,

323 2942 408 2990 auree
422 2941 514 2990 Caroli
530 2941 648 2990 Medicei
663 2942 760 2989 catena
772 2941 877 3003 pectori
892 2941 1034 3002 imposita,
1052 2941 1156 3002 pingit3
1173 2943 1200 2988 ct
1216 2944 1343 3001 opertum
1361 2941 1444 3001 caput

324 3026 461 3084 praesente
475 3020 609 3070 Pontifice
625 3026 726 3080 servat,
742 3035 793 3070 nec
810 3021 942 3069 cardinali
959 3021 1067 3068 cuidam
1085 3021 1240 3079 comitatur,
1260 3020 1308 3081 qui
1321 3033 1384 3067 eum
1400 3017 1445 3066 iu·

324 3103 437 3164 viserat,
445 3102 518 3164 qubd
535 3120 547 3149 «
561 3101 716 3152 Cardinalis
730 3101 821 3164 quivis
832 3115 927 3163 aequos
943 3102 1033 3149 habet.
1043 3117 1054 3146 ιι
1065 3101 1199 3150 Bononiae
1211 3100 1444 3162 Michelangelum

323 3183 460 3240 imitatur,
477 3184 629 3232 obvanam
652 3196 714 3230 eum
733 3182 859 3244 pecuniae
875 3181 994 3244 publicae
1010 3181 1202 3242 dispensatore
1216 3181 1339 3242 jurgium
1356 3193 1361 3227 :
1379 3179 1444 3226 mit·

324 3263 424 3311 tendus
440 3265 482 3310 cst
497 3261 604 3322 legatus
620 3265 650 3308 ut
665 3255 761 3323 pacem
777 3264 933 3322 componat.
950 3286 979 3296 —
999 3259 1148 3322 Josopiuus
1168 3273 1229 3307 sese
1254 3259 1283 3306 in
1306 3271 1378 3320 equo
1398 3271 1444 3306 se-

325 3342 445 3403 dentem,
461 3354 523 3389 eum
542 3339 644 3389 Christi
660 3344 686 3388 et
699 3340 787 3389 sancti
803 3340 945 3389 Michaelis
960 3338 1126 3401 insignibus,
1140 3337 1287 3402 producit:
1300 3338 1443 3400 principes

325 3419 443 3486 superbe
460 3423 486 3468 et
507 3433 541 3468 ex
561 3420 616 3467 alto
637 3423 744 3468 tractat.
760 3445 791 3454 -
807 3418 936 3468 Salvator
951 3419 1038 3477 Rosa,
1055 3422 1118 3480 post
1136 3420 1278 3467 absolutas
1299 3416 1334 3466 δύ
1349 3415 1445 3466 Cosmi
1518 3405 1524 3416 ’

325 3505 353 3551 at
368 3499 402 3550 Sl
418 3499 545 3548 Damiani
566 3499 702 3562 picturas,
719 3499 910 3561 Michelangeli
926 3497 1033 3547 sincere
1049 3499 1210 3560 miseretur,
1226 3511 1308 3560 quem
1327 3509 1446 3559 supera-

324 3582 399 3631 visse
413 3584 500 3643 putat.
515 3605 546 3614 —
560 3578 631 3627 Vide
644 3578 797 3640 praesertim
811 3577 920 3640 Equitis
934 3578 1048 3626 Bernini
1064 3581 1205 3630 Diarium.
1218 3605 1248 3614 -
1261 3577 1363 3626 «Dixit
1378 3577 1446 3627 Ber-

325 3662 408 3711 ninus
431 3659 598 3709 cardinalem
614 3658 824 3708 Pallavicinium
843 3659 898 3707 duo
916 3673 1022 3707 summa
1042 3659 1155 3721 ingenia
1172 3663 1296 3721 tempore
1317 3663 1368 3708 su'o
1386 3659 1446 3708 dis-

326 3741 468 3802 tinguere,
491 3738 597 3787 scilioet
617 3739 784 3787 cardinalem
806 3737 989 3798 Mazarinum,
1012 3743 1039 3787 et
1063 3739 1180 3787 alterum
1205 3739 1280 3801 quod
1301 3738 1447 3788 nominare

326 3820 420 3870 nollet.
437 3817 556 3866 Nuntius
569 3831 599 3866 se
612 3818 749 3880 suspicari
765 3819 803 3866 ait
818 3818 852 3866 de
868 3817 969 3880 Equite
984 3817 1106 3867 Bernino
1124 3819 1177 3880 agi.
1194 3819 1242 3866 ille
1260 3819 1380 3868 molliter
1394 3831 1447 3868 ne·

229 3911 239 3930 ·
326 3899 401 3962 gavit
415 3913 430 3945 ιι
444 3897 567 3960 (XXXII,
586 3898 647 3959 176).
660 3925 691 3934 -
707 3898 737 3948 si
753 3899 815 3960 quis
831 3897 981 3946 Berninum
997 3900 1040 3946 vel
1055 3897 1167 3946 minime
1184 3898 1372 3961 reprehendit,
1386 3914 1397 3944 ιι
1415 3897 1447 3946 fit

327 3977 419 4027 subito
435 3977 523 4025 tristis
539 3993 552 4026 a
568 3976 638 4038 (XV,
655 3977 717 4039 313).
735 4003 765 4012 -
780 3977 901 4026 Memora
917 3979 976 4039 ejus
994 3978 1148 4026 iracundiae
1167 3979 1287 4041 impetus
1309 3980 1344 4026 ob
1365 3977 1446 4027 vitu·

326 4056 485 4120 parationes
501 4071 516 4103 a
537 4054 649 4106 Gelbert
667 4060 693 4104 ot
709 4057 835 4105 Perrault
855 4057 959 4106 allatas.
976 4084 1006 4092 -
1022 4057 1131 4120 Saepius
1147 4057 1280 4106 eaeterirm
1297 4056 1400 4105 accidit
1417 4061 1449 4105 ut

326 4137 459 4200 grandem
474 4135 666 4198 Michelangeli
681 4137 837 4186 maestitiam
852 4136 935 4185 stulte
953 4138 1087 4188 imitetur.

357 4217 391 4278 il)
409 4216 526 4265 «Triste
542 4214 557 4265 d
572 4217 635 4278 quel
651 4221 769 4266 maestro
785 4217 829 4266 del
842 4219 923 4279 quale
938 4218 1042 4280 l'opera
1056 4232 1160 4267 avanza
1173 4219 1192 4267 il
1207 4217 1330 4281 giudizio
1349 4229 1417 4276 suo;
1435 4229 1450 4264 e

327 4298 419 4360 quello
435 4297 458 4346 si
476 4296 568 4345 drizza
585 4297 639 4344 alla
652 4297 808 4359 periezione
825 4298 887 4346 dell'
903 4303 975 4357 arte,
992 4299 1036 4348 del
1057 4300 1137 4361 quale
1155 4299 1259 4362 l‘opera
1277 4297 1292 4348 d
1315 4301 1451 4360 superata

328 4378 372 4427 dal
387 4377 519 4440 giudizio.
535 4393 547 4425 ιι
564 4375 730 4439 (Leonardo,
747 4381 832 4426 Tratt.
850 4381 923 4427 della
933 4381 1009 4440 pitt,
1026 4379 1061 4440 ll,
1078 4378 1126 4442 51.)

360 4473 372 4504 (ι
388 4456 459 4515 Quel
476 4456 578 4519 pittore
595 4456 645 4507 ebo
660 4470 717 4506 non
731 4457 836 4520 dubita,
852 4471 922 4522 poco
938 4459 1070 4522 acquista.
1089 4458 1207 4518 Quando
1222 4459 1325 4522 l'opera
1341 4471 1453 4521 supera

328 4537 346 4586 il
367 4527 488 4601 giudizio
509 4536 571 4585 dell¹
592 4541 752 4599 operatore,
771 4551 832 4587 csso
856 4543 987 4601 operante
1011 4553 1081 4602 poco
1097 4539 1271 4602 acquistali
1294 4539 1407 4602 quando
1420 4540 1452 4603 ⁴il
