3160 5152
624 386 804 447 -101-

152 527 225 592 tom
253 546 270 585 ι
306 527 341 595 el
372 522 500 596 falsam
535 520 924 616 «magnitudinem»,
952 520 1126 614 probante
1154 529 1270 609 coetu,

152 635 324 726 praedicat
343 634 404 732 (l).

202 761 360 834 Gallicus
378 761 583 834 idcolt'smas
603 762 799 853 ingenitam
818 761 986 834 Pussiuio
1007 760 1120 833 animi
1140 761 1273 853 magni-

153 875 316 948 tudinem
336 878 567 968 requirebat:
588 895 670 968 quae
683 884 802 950 autem
819 895 931 967 quum
951 877 1057 948 unica
1076 884 1184 960 esset,
1207 895 1273 950 uec

153 1009 237 1082 spes
263 991 339 1064 ulla
365 999 543 1078 maneret,
577 991 646 1064 sub
673 992 736 1064 tali
763 991 1035 1064 Academiarum
1060 991 1268 1078 dominatu,

153 1106 362 1180 Pussinium
381 1109 675 1208 alternmuatnm
693 1107 752 1190 iri,
770 1106 1015 1198 disciplinatu
1033 1108 1175 1180 ruinam
1190 1126 1273 1180 con-
1307 1186 1309 1190 .

152 1221 256 1294 tiuud
272 1223 506 1316 precipitavit
525 1220 536 1319 (
562 1219 587 1318 l.

703 1444 719 1476 ἡ

687 1499 735 1534 *⁸

200 1665 329 1740 llerdm
352 1673 392 1739 ut
411 1666 525 1738 Gallie
540 1666 578 1737 in
594 1666 714 1757 Belgio
732 1664 992 1738 adminiculum
1013 1663 1193 1754 quoddam
1211 1667 1272 1740 ad·

151 1781 275 1856 versds
295 1783 407 1856 ltalia
427 1782 675 1855 auctoritatem
692 1780 854 1854 invenire
874 1787 1009 1872 posset,
1026 1781 1213 1872 oportebat
1232 1790 1272 1856 nt

154 1898 271 1988 ipsum
311 1900 470 1991 Belgium
507 1898 576 1970 sibi
615 1917 687 1971 uon
728 1897 882 1970 deesset.
922 1897 949 1969 A
989 1896 1116 1989 primis
1151 1903 1269 1970 autem

152 2009 260 2084 llVl¹¹¹
288 2014 410 2086 saeculi
437 2013 565 2095 aunis,
588 2013 678 2085 illud
704 2031 849 2103 quoque
874 2012 1011 2085 sesead
1037 2014 1270 2087 liquescentis

184 2231 217 2294 (l)
230 2233 423 2292 Conferences,
442 2248 468 2297 p.
484 2233 522 2285 al.
536 2259 567 2268 -
583 2233 616 2280 V.
636 2231 803 2281 Lamounier
817 2231 853 2295 (p.
871 2229 925 2292 sta,
941 2230 1005 2292 353).
1022 2257 1052 2266 —-
1068 2230 1221 2294 Philippus,
1235 2235 1271 2281 ob

157 2311 275 2360 tabulam
291 2325 298 2361 ε
313 2316 420 2361 Eliezer
439 2317 464 2361 et
485 2315 619 2370 Rebecca,
641 2311 800 2360 Pussinium
818 2311 909 2372 arguit
925 2310 959 2360 de
981 2309 1101 2376 celique
1115 2308 1269 2376 sterilitate,

156 2391 188 2438 de
201 2391 295 2440 servili
310 2391 484 2454 antiquitatis
499 2391 594 2442 studio
610 2406 633 2450 u,
649 2409 661 2434 ιι
676 2391 748 2452 qnod
764 2391 863 2438 nimias
880 2403 925 2439 ras
940 2404 956 2438 a
972 2390 1113 2439 veteribus
1128 2395 1270 2440 mutuatus

155 2475 238 2530 asset,
258 2470 317 2520 fero
338 2486 426 2534 usque
445 2473 479 2520 nd
500 2472 710 2534 praedationem.
734 2487 746 2518 ιι
769 2469 928 2520 Pussinium
948 2470 1126 2534 reprehendit
1146 2470 1218 2534 quod
1241 2471 1270 2520 in

155 2563 236 2612 opero
251 2564 304 2600 sno
319 2552 443 2600 actiones
457 2552 606 2600 familiares
621 2554 648 2599 et
663 2563 823 2612 corpoream
838 2549 982 2598 veritatem
998 2551 1177 2613 neglexisset,
1195 2550 1270 2600 unde

154 2630 383 2692 tabulamajorem
393 2631 477 2681 vitam
485 2630 621 2692 duxisset,
629 2655 660 2666 -
668 2629 787 2691 exempli
796 2629 893 2692 gratia,
903 2629 1070 2678 camelorum
1081 2629 1225 2692 imagines.
1239 2657 1270 2668 -

154 2707 192 2758 La
208 2709 284 2757 Brun
300 2709 418 2772 superbe
432 2711 582 2774 respondet
596 2725 610 2756 o
631 2709 804 2764 Pussinium,
819 2714 934 2756 strenuo
954 2708 1169 2771 pulchritudinis
1185 2723 1269 2760 sensu

153 2791 179 2836 et
194 2789 308 2838 unitatis
322 2789 402 2849 cura,
418 2803 463 2839 res
478 2803 565 2842 novas
579 2794 606 2838 et
621 2789 734 2838 inutiles
750 2788 894 2850 rejecisse,
912 2787 1013 2850 quibus
1028 2788 1179 2852 spectantis
1195 2789 1269 2838 oculi

154 2869 252 2918 diverti
272 2869 394 2932 possint,
415 2875 441 2920 et
459 2883 536 2920 mens
555 2870 637 2932 nugis
659 2869 770 2918 morari.
794 2883 806 2914 ι
830 2867 861 2916 ln
884 2868 937 2916 alid
964 2868 1154 2931 disputatione
1178 2867 1267 2932 (1682),

153 2947 327 2998 «vilissimas
342 2961 386 2998 res
402 2966 414 2996 ιι
429 2965 440 2996 n
456 2949 637 2998 nobilissimis
653 2966 664 2992 u
682 2948 807 3012 opponit.

182 3027 215 3090 (t)
232 3027 264 3076 In
280 3028 378 3078 eodem
396 3029 563 3078 Lemonnior
576 3030 647 3078 libro
663 3029 803 3090 invenies,
819 3023 922 3090 optime
942 3027 1114 3090 expositum,
1130 3032 1268 3076 certamen

152 3107 218 3155 illud
234 3108 307 3156 inter
323 3124 334 3154 n
354 3110 470 3172 collegia
485 3109 678 3172 magistrorum
694 3123 707 3154 ιι
725 3121 788 3170 quae
804 3107 885 3156 civile
901 3115 928 3155 et
943 3107 1046 3169 gentile
1059 3107 1202 3169 ingenium
1219 3121 1268 3157 ex-

151 3187 289 3250 primunt,
309 3193 336 3237 et
359 3189 478 3237 aulicum
501 3189 643 3252 ingenium
666 3203 681 3236 a
707 3201 762 3250 quo
786 3186 942 3235 instituitur
966 3186 1116 3235 Academia
1141 3187 1267 3249 picturae,

152 3280 223 3317 anno
234 3267 302 3317 1648.
310 3268 377 3318 Post
385 3267 496 3318 fallaces
504 3269 606 3332 gratias
615 3268 733 3331 primum
744 3267 805 3316 istis
814 3265 939 3328 collegiis
949 3277 1106 3326 concessae,
1114 3280 1186 3315 anno
1199 3265 1267 3329 1655,

151 3347 309 3398 Academiae
322 3348 404 3397 datur
420 3350 517 3398 ultima
528 3349 679 3411 institutio,
692 3348 726 3396 ad
742 3352 860 3396 mentem
879 3347 1053 3408 optimatium
1070 3351 1213 3408 concepta.

182 3427 256 3476 Inter
272 3443 285 3476 a
301 3429 494 3491 magistrorum
510 3445 523 3475 ιι
537 3429 708 3488 defensores,
722 3427 893 3476 memorandi
906 3431 970 3476 sunt
987 3425 1125 3488 sarrazin,
1141 3425 1180 3476 Le
1190 3426 1268 3476 Brun

152 3507 211 3569 ipsa
232 3508 261 3556 in
281 3508 433 3570 principio,
456 3508 591 3568 Testoliu,
607 3509 713 3570 Vocet,
729 3507 869 3570 Mignard,
889 3506 1058 3568 Dufoesnoy,
1078 3506 1212 3569 Anguier.
1228 3505 1267 3557 Le

154 3585 251 3646 Sueur,
265 3592 293 3636 et
305 3587 403 3636 fratres
419 3587 457 3638 Le
472 3588 544 3638 Nain
559 3589 738 3650 collegiorum
749 3587 868 3650 primum
878 3585 947 3635 socii
962 3585 1048 3635 fuere.
1065 3585 1177 3636 -Cum
1194 3587 1266 3637 Aca-

153 3665 242 3714 demta
255 3666 383 3715 instituta
397 3673 439 3718 est
454 3666 589 3716 doctrinae
604 3668 706 3726 unitas,
719 3671 746 3716 et
759 3666 886 3729 quaedam
897 3666 964 3714 artis
980 3665 1126 3728 professio,
1142 3679 1204 3728 quae
1219 3668 1267 3716 iti·
1290 3665 1294 3673 '

153 3759 248 3794 nerum
263 3750 290 3795 et
302 3761 394 3795 rerum
409 3749 599 3812 disciplinam,
621 3761 710 3810 nuper
732 3746 862 3796 Pussinio
884 3748 911 3794 et
930 3745 1047 3795 Claudio
1066 3745 1184 3794 Lorrain
1199 3749 1267 3797 satis

153 3831 255 3889 aptam,
271 3825 375 3882 abolet.
394 3833 421 3877 ot
440 3832 525 3878 artem
542 3828 576 3876 ad
592 3832 733 3892 praecepta
747 3827 864 3876 reducit,
879 3853 910 3862 -
927 3825 1030 3875 Eodem
1050 3830 1173 3889 tempore
1189 3829 1267 3876 clau-

153 3905 255 3954 duntur
278 3907 425 3970 oppidanae
454 3909 572 3971 scholae,
599 3908 629 3956 in
658 3921 774 3970 quarum
801 3907 893 3956 locum
919 3906 1073 3956 succedunt
1100 3906 1203 3956 scholae
1231 3921 1266 3958 ex

153 3984 301 4034 Academia
317 3991 396 4037 ortae.

182 4065 283 4115 Eadem
308 4073 399 4116 mento
422 4070 589 4130 regebantur
608 4068 709 4118 litterae
730 4067 891 4129 (Academia
914 4065 1027 4128 Gallica,
1051 4065 1134 4128 1637),
1156 4068 1266 4118 saltatio

152 4145 235 4208 (1661,
257 4147 344 4209 Regia
364 4147 514 4196 Academia
533 4147 709 4210 saltationis),
731 4147 836 4196 musica
855 4145 939 4209 (leta,
962 4146 1111 4195 Academia
1130 4148 1266 4209 musicae),

153 4225 1266 4290 spectacula(ibli,Academiaregia,equitum,certaminumlnctationum,etc).

153 4289 243 4356 ·-⁰Sic
258 4307 359 4356 artifex
374 4323 389 4356 a
404 4308 485 4356 turbat
498 4312 675 4371 segregatus,
692 4307 778 4358 avita
792 4311 910 4368 amotus,
926 4306 954 4356 in
970 4305 1041 4356 vana
1059 4306 1225 4356 circulorum
1240 4311 1267 4356 et

152 4385 371 4436 academicorum
391 4389 592 4452 colloquiorum
613 4389 706 4452 specie
726 4387 921 4438 includebatur
942 4386 1129 4450 (Lemonnier,
1144 4390 1214 4450 part.
1229 4387 1265 4448 ΙΙ,

152 4481 175 4518 c.
189 4477 208 4531 r,
223 4478 254 4528 rt,
271 4467 322 4530 ιιι).
