3176 5152
628 447 784 506 ,11-

151 582 333 673 palpebrae
350 580 527 677 infixam).
557 610 572 646 ι
593 582 708 654 idea»
734 584 797 655 iila
816 602 858 656 cr
878 584 1034 674 imagine
1055 584 1162 666 certe,
1185 601 1267 673 quac

145 697 238 785 jacet
256 707 339 770 aute
354 697 500 768 artificis
517 699 652 781 oculos,
675 698 830 780 eminct;
849 699 911 769 iiia
926 705 979 770 cst
999 697 1183 769 conversio
1199 695 1263 782 rei,

150 821 184 882 et
205 813 309 902 quasi
330 814 461 904 speciei
480 815 802 906 metamorphosis;
832 833 905 886 uon
926 821 981 885 est
1002 811 1046 886 de
1073 813 1266 905 improviso

151 945 268 1017 neque
292 946 334 998 er
363 928 514 1001 libidine
543 937 682 1009 create;
713 931 776 1002 scd
804 930 987 1001 laborante
1014 929 1176 1019 ingenio,
1209 947 1266 999 se-

150 1040 306 1113 cundum
328 1045 511 1135 proposita
532 1046 569 1115 in
588 1053 797 1135 argumento
816 1046 929 1135 sigua.

199 1157 310 1230 Aliter
339 1160 617 1250 Michclaugeius
635 1172 658 1230 ¹:
693 1161 760 1231 iste
790 1160 935 1249 quidem
965 1167 1126 1230 naturam
1158 1159 1264 1231 vehe-

151 1279 290 1344 meutcr
304 1274 482 1366 inspicere
496 1276 620 1366 coepit,
642 1276 705 1347 sed
724 1278 765 1346 ea
781 1282 899 1346 monte
915 1282 953 1345 ut
968 1274 1115 1355 ioedera,
1134 1274 1266 1365 quibus

151 1407 275 1479 parere
295 1408 350 1462 res
377 1391 555 1471 videntur,
578 1391 796 1464 discerneret
816 1399 850 1462 et
873 1392 1073 1481 attingeret.
1096 1391 1264 1461 Naturam

151 1504 295 1576 demum
317 1507 526 1591 coutemnit,
549 1517 583 1578 et
601 1508 699 1579 omni
722 1508 828 1594 modo
848 1515 996 1578 conatur
1020 1512 1059 1577 ut
1083 1505 1160 1596 eius
1180 1507 1266 1595 jugo

151 1640 190 1692 se
221 1623 363 1706 liberet,
398 1623 488 1694 nihil
517 1624 615 1695 aliod
643 1643 685 1696 err
715 1626 756 1694 eat
785 1641 950 1713 quereus
972 1621 1042 1694 uisi
1066 1628 1104 1692 ut
1131 1622 1265 1692 instru-

152 1744 311 1808 mentum
329 1739 534 1828 cogitationi
555 1738 728 1828 proehcat.
747 1738 837 1810 Vitae
853 1735 1167 1819 machinationem,
1190 1735 1268 1806 iun-

151 1850 248 1924 ditus
267 1861 488 1944 perspectam
509 1862 544 1947 et
567 1861 701 1932 notam,
725 1854 771 1924 ad
791 1873 878 1924 usus
898 1872 996 1936 suos,
1016 1851 1164 1923 arbitrio
1184 1869 1264 1934 suo,

152 1974 294 2058 torquet
313 1976 348 2040 ct
370 1969 625 2052 accommodat,
653 1977 687 2040 et
715 1967 895 2040 interdum
923 1969 1185 2058 inexspectatus
1212 1965 1264 2036 ai·

152 2081 263 2154 iectus
283 2102 346 2174 per
366 2085 569 2155 hanoniam
591 2086 768 2174 impetrat.
789 2084 939 2164 subtilis
960 2100 1148 2173 corporum
1169 2099 1267 2172 spec

153 2205 256 2279 tator,
278 2200 431 2291 speciem
464 2227 478 2264 1
506 2201 670 2272 Hominis
698 2228 713 2262 1
740 2201 941 2272 universam
970 2196 1020 2270 it'e
1047 2197 1116 2269 sihi
1144 2196 1266 2287 fingit,

152 2320 210 2398 ut,
247 2315 406 2405 neglecta
433 2315 625 2406 singularis
653 2316 776 2387 formae
805 2315 1065 2398 observatione,
1098 2311 1267 2383 humani-

152 2433 259 2500 tatem
291 2447 333 2500 er
360 2429 497 2520 integro
518 2438 630 2506 creet.
653 2429 698 2500 ad
727 2431 909 2520 exemplar
932 2425 1040 2509 Idem,
1063 2433 1124 2498 aut
1147 2422 1267 2517 potiris

128 2569 132 2575 ’
153 2544 230 2626 Dei,
244 2563 286 2615 cr
303 2563 388 2635 quo,
406 2553 577 2636 tanquam
596 2546 772 2636 principio
790 2553 825 2616 et
838 2545 949 2626 fonte,
965 2545 1129 2614 oriuntur
1142 2558 1267 2612 omnes

152 2657 243 2732 ideae
262 2667 296 2732 et
319 2679 376 2732 res
398 2685 406 2730 :

338 2825 423 2875 Come
438 2826 482 2874 dal
497 2828 579 2875 iuoco
594 2828 611 2873 il
626 2827 713 2884 caldo,
731 2839 806 2874 esser
819 2825 909 2874 diviso

338 2905 401 2954 Non
417 2906 490 2968 puo’l
505 2907 548 2954 bel
565 2906 626 2954 dali¹
643 2909 752 2963 eterno;
767 2906 820 2953 cla
833 2906 887 2952 mia
902 2905 982 2952 stima

339 2986 432 3034 Esalta
447 2988 490 3034 chi
506 3000 540 3035 ne
556 2987 667 3048 scande,
683 3001 697 3035 e
713 2987 774 3034 chi’i
790 2985 917 3047 somiglia
932 2984 973 3045 (1).

153 3123 234 3209 Qui,
260 3143 371 3213 quum
392 3123 428 3194 iu
450 3103 623 3200 aeternum
644 3132 784 3214 tempus
811 3123 959 3202 taboret,
982 3121 1140 3191 lahorem
1161 3135 1265 3188 suum

153 3237 245 3310 circa
262 3240 412 3311 caducas
432 3259 489 3312 res
509 3240 662 3312 rotinere
683 3260 755 3312 non
776 3241 862 3310 vult.
883 3236 1066 3328 Quidquid
1086 3234 1212 3325 tangit,
1230 3232 1267 3303 id

154 3354 305 3428 summae
323 3357 494 3446 potentiae
513 3364 547 3428 et
566 3357 681 3446 ipsius
702 3353 924 3426 necessitatis
947 3352 1049 3442 signo
1069 3355 1181 3420 notat.
1269 3345 1271 3350 ’

204 3469 377 3542 Praeterea
411 3471 589 3560 platonico
624 3469 812 3542 ideaiismo
837 3466 1018 3538 tristitiam
1044 3465 1141 3536 iilam
1169 3462 1207 3531 in
1230 3479 1268 3532 se

153 3584 328 3675 adjungit,
351 3585 557 3656 christianae
582 3585 782 3674 disciplinae
805 3582 965 3660 insitam,
988 3599 1070 3670 quae
1088 3577 1210 3651 omnia
1230 3577 1267 3647 in

152 3701 311 3789 pejorem
337 3707 473 3790 partem
500 3700 613 3792 rapid.
642 3699 744 3770 Haud
765 3696 867 3769 secus
893 3716 933 3768 ec
961 3684 1089 3767 dilecta
1115 3693 1269 3764 Victoria

153 3816 314 3886 Colouna
342 3815 409 3909 (1),
445 3834 563 3887 rerum
585 3816 823 3887 humanarum
844 3813 1050 3885 brevitatem
1070 3809 1269 3897 mortisque

153 3932 347 4004 instantem
366 3931 594 4022 praesentiam
615 3929 846 4002 moestissimo
866 3927 975 3999 sentit
993 3923 1062 4018 (5).
1084 3925 1213 3996 Natum
1230 3940 1269 3994 se

185 4131 218 4194 (1)
234 4131 373 4182 Sonnetti.
390 4131 413 4180 6.

184 4209 218 4272 (1)
233 4210 268 4260 V.
284 4209 317 4260 V.
334 4209 468 4260 Golonnae
484 4213 604 4259 stante:

406 4307 497 4356 Quando
510 4307 567 4347 miro
579 4306 600 4347 lu
610 4309 669 4348 terra
682 4309 760 4347 ornata
772 4317 784 4346 e
796 4305 861 4346 belia.

185 4378 218 4440 (3)
233 4379 265 4428 V.
284 4381 410 4429 cunzone
426 4397 433 4426 .·

406 4475 463 4528 Ogui
475 4477 528 4515 nato
538 4474 561 4515 le
574 4475 634 4514 torre
645 4473 667 4514 in
679 4473 746 4515 breve
758 4475 844 4527 aspette

407 4547 459 4587 D'or
471 4546 494 4587 iu
506 4559 531 4588 or
540 4546 680 4599 mencaogni
692 4545 772 4586 mortal
783 4545 886 4587 bellense.
