3176 5152
646 405 805 468 ..13-

215 545 266 614 Er
297 561 368 634 quo
395 539 497 616 iacilb
527 543 705 633 intelliges
733 561 795 614 cur
820 542 1097 634 Micbelangelus
1125 547 1283 638 Belglcos

166 657 335 749 pictores,
359 659 405 729 ob
426 658 578 731 nimium
599 658 757 730 veritatis
777 677 956 748 expressae
971 659 1143 740 studium,
1165 682 1285 754 asper-

166 780 285 854 netur,
300 811 347 826 -·-
364 775 460 846 baud
481 794 584 846 secus
604 793 644 845 ac
663 775 825 865 plerique
844 782 976 846 nostrae
995 777 1111 848 aetatis
1131 779 1285 852 artifices

165 889 339 978 picturam
380 889 525 960 blandis
557 891 778 980 argumentis
810 889 988 962 addictam
1026 899 1281 976 contemnunt;
1326 895 1330 902 '

165 1021 295 1093 nempe
314 1011 427 1078 artem
446 1005 566 1089 istam,
588 1005 776 1077 commotis
796 1003 934 1076 tantum
956 1006 1125 1078 sensibus
1147 1014 1182 1079 et
1200 1027 1282 1083 evo·

165 1119 242 1190 catt
268 1117 390 1190 cauum
418 1120 578 1209 placere3
608 1137 671 1209 per
699 1138 775 1193 eam
806 1119 897 1190 nibil
924 1112 1023 1192 aliud
1053 1119 1161 1210 qu'am
1189 1124 1284 1214 vulgi

164 1233 333 1324 suffragia
358 1234 536 1324 perquiri,
569 1253 641 1310 non
673 1231 759 1306 san'e
779 1253 926 1326 operum
947 1235 1061 1325 pretio
1082 1236 1145 1307 sed
1166 1236 1215 1308 rei
1236 1237 1284 1308 ei-

164 1345 256 1418 lictae
277 1358 479 1431 momenio;
501 1347 586 1422 inde
606 1349 692 1420 oriri
708 1369 771 1422 seu
791 1351 975 1440 religiosas
993 1351 1182 1442 imagines,
1202 1372 1284 1444 quae

163 1462 303 1552 piorum
341 1465 506 1538 lacrimas
543 1484 685 1557 semper
716 1475 877 1556 paratas,
913 1467 992 1540 sine
1026 1469 1100 1541 ullo
1133 1476 1280 1553 conatu,

164 1579 435 1660 nanciscuntur,
458 1599 520 1652 seu
539 1581 694 1652 incertas
716 1581 853 1670 species
878 1609 892 1645 r
913 1583 1203 1674 panniculorum,
1223 1603 1284 1675 pa-

163 1692 395 1780 rietinarum,
426 1714 632 1786 camporum
653 1696 835 1778 viridium,
866 1698 1056 1769 arboribus
1084 1698 1279 1772 obumbra·

165 1815 294 1894 torum,
317 1809 410 1882 rivos
431 1819 465 1884 et
490 1819 631 1901 pontes
654 1811 750 1901 quod
771 1821 1004 1902 campestrem
1025 1814 1199 1903 picturam
1220 1834 1281 1886 uo-

162 1925 1275 2018 cant,cumnonnullispassiminterjectisbominumliguris.»

163 2038 271 2111 istius
285 2040 382 2110 modi
398 2041 572 2131 imagines
584 2041 677 2130 rurlgi
695 2060 835 2132 semper
850 2043 1003 2116 levorem
1021 2043 1197 2124 obtinent,
1216 2063 1282 2117 neo

162 2153 237 2225 ulle
256 2153 327 2224 alie
345 2163 446 2245 parte
474 2153 613 2227 ieliciirs
643 2174 681 2227 se
709 2157 880 2247 expandit
905 2158 1135 2230 minimorum
1164 2159 1278 2233 artili-

162 2285 241 2338 oum
259 2269 444 2358 ingenium
465 2294 473 2343 z,
493 2270 581 2344 satis
602 2277 656 2342 est
676 2272 817 2342 curiosa
832 2281 950 2342 mente
966 2281 1000 2343 et
1015 2275 1280 2365 perspicacibus

161 2383 275 2457 oculis
291 2384 374 2460 trui.
393 2385 518 2476 ltaque
537 2387 704 2476 «Belgica
721 2387 858 2476 pictura
874 2388 1022 2462 muliere
1036 2387 1190 2462 maxime
1206 2391 1282 2463 alli·

161 2482 1281 2590 ciet,praesertimvetulasetadolesceutulas,necnonetmona·

160 2613 247 2684 ciros
268 2616 321 2686 vel
343 2617 550 2696 monachas,
570 2617 750 2706 etiamque
770 2617 910 2688 nobiles
929 2617 1103 2707 quosdam
1120 2619 1215 2694 viros
1234 2621 1280 2692 ad

160 2747 279 2800 reram
300 2731 523 2801 harmoniam
542 2733 808 2822 percipiendam
830 2751 940 2804 caecos
958 2740 993 2805 et
1015 2734 1144 2808 surdos
1170 2732 1234 2830 (l).
1258 2763 1274 2800 ι

216 2847 346 2931 ‹Quae‘
360 2847 523 2936 quamvis
545 2848 720 2936 quosdam
742 2849 877 2928 ocules,
906 2848 978 2920 imb
1007 2849 1162 2934 enimes,
1184 2851 1276 2922 deci-

160 2960 274 3050 piant,
300 2961 397 3032 nulla
413 2962 449 3031 in
469 2962 514 3033 iis
533 2963 627 3037 inest
643 2965 745 3047 ratio,
764 2981 830 3034 nec
844 2982 915 3044 ars,
936 2982 1001 3035 nec
1016 2967 1276 3052 convenientia,

161 3093 227 3147 nec
246 3067 467 3166 symmetria,
496 3096 562 3148 nec
587 3078 746 3149 delectus
769 3079 837 3162 rei,
866 3097 930 3149 nec
950 3080 1172 3170 magnitudo.
1195 3083 1279 3173 Spe-

84 3175 89 3182 ’
160 3191 232 3262 cies
253 3191 331 3262 istae
350 3193 429 3263 sine
450 3212 608 3283 corpore,
640 3195 717 3264 sine
745 3195 871 3265 robore
892 3202 1021 3266 sunt...
1045 3197 1183 3268 Nostris
1201 3205 1278 3268 tan·

160 3301 235 3377 lirin
253 3309 436 3397 operibus,
459 3309 497 3379 in
515 3310 616 3379 ltalia
637 3310 818 3394 contectis,
839 3310 915 3380 dari
937 3318 1053 3399 potest
1072 3330 1194 3382 rerum
1210 3312 1279 3403 pic

159 3427 250 3493 turae
285 3441 428 3494 nomen.
466 3425 548 3496 Haec
572 3443 644 3494 non
678 3424 723 3494 ad
752 3424 833 3515 pios
865 3427 1065 3516 pertinent,
1093 3446 1114 3497 a
1144 3428 1277 3517 quibus

158 3558 343 3630 nemnem
358 3562 470 3608 onom
490 3539 681 3610 lacrimam
699 3539 836 3610 elicient
856 3539 921 3635 (ἓ).
945 3569 960 3605 ›

190 3783 224 3846 (1)
238 3783 271 3831 V.
288 3783 451 3832 relationem
466 3783 606 3832 Francisci
623 3783 656 3832 de
676 3784 791 3834 Batavia
808 3804 813 3832 z
830 3788 963 3844 Dialogus
981 3789 1014 3834 (le
1029 3787 1143 3844 pictura
1158 3790 1188 3836 in
1207 3792 1278 3838 Urbe

158 3867 277 3920 Romae,
301 3863 330 3909 in
358 3863 455 3911 libro:
484 3868 534 3912 Les
563 3869 622 3911 aris
650 3878 685 3910 cn
715 3868 848 3924 Porlnqal
874 3864 970 3913 Comte
993 3865 1148 3926 Raczynslri
1179 3867 1278 3928 (Paris,

158 3936 323 4004 Renouard,
335 3943 411 4004 1846).

191 4020 252 4078 Quo
271 4023 369 4070 melius
385 4022 519 4070 rationem
537 4023 728 4086 Michelangeli
745 4025 901 4083 confirmet,
920 4023 1044 4072 Victoria
1059 4024 1197 4084 Celemna,
1214 4041 1276 4089 quae

157 4101 328 4162 colloquium
348 4102 432 4163 regit,
451 4103 566 4163 belgicae
581 4103 698 4164 picturae
721 4105 835 4151 tutelam
856 4104 972 4165 excipit,
992 4104 1118 4154 simulet
1138 4107 1276 4168 religiosae

156 4181 234 4242 artis,
247 4182 276 4229 in
293 4181 489 4244 septentrione
500 4183 629 4244 vigentis,
641 4189 668 4230 et
684 4183 786 4245 optime
799 4184 832 4231 ad
845 4185 1030 4232 consolandos
1046 4185 1152 4234 animos
1168 4201 1275 4236 accom-

157 4260 287 4310 modatae.
312 4261 409 4310 Sermo
435 4263 510 4323 ejus,
534 4263 587 4310 etsi
611 4263 753 4324 paululum
778 4263 1004 4322 declamatorius,
1030 4264 1078 4313 sed
1104 4265 1164 4314 sine
1191 4266 1276 4316 dubio

157 4339 294 4394 sincerus,
309 4340 339 4388 in
351 4341 478 4390 lacrimas
493 4341 604 4400 desinit,
621 4343 758 4390 subeunte
773 4343 977 4404 praeteritorum
993 4343 1120 4392 dolorum
1135 4347 1276 4396 memoria.

189 4417 222 4480 (ἲ)
238 4435 251 4466 u
269 4418 381 4468 Pictura
400 4421 507 4483 belgica
524 4421 578 4484 piis
598 4421 698 4470 naturai
717 4421 852 4482 placebit,
867 4423 929 4485 plus
950 4422 1031 4485 quam
1047 4425 1133 4474 ullum
1153 4426 1276 4476 italicum

157 4509 237 4564 opus,
254 4513 267 4546 a
283 4499 375 4562 (ibid.)
