3160 5152
620 423 777 507 -on-

22 607 24 612 ,
143 582 233 655 quus
254 562 438 638 'salientes
469 562 586 637 tontes
614 563 835 656 refrigerant.
867 562 938 636 Sed
970 561 1148 635 mediocre
1181 561 1259 654 eius

140 679 326 771 ingenium
352 679 559 752 memoriam
586 680 786 772 restringit,
809 686 843 752 et
863 678 997 751 viridas
1024 679 1198 771 imagines
1221 679 1258 749 in

142 797 304 868 scenicos
324 803 517 886 apparatus
542 803 699 885 commut
723 803 749 867 t.

189 911 313 1001 Neque
337 911 473 983 [elicior
496 919 611 984 exstat
637 913 748 983 altera
775 912 910 983 schola.
933 907 1260 982 Frustrb'elamitat

142 1026 379 1118 Caravaggius
404 1026 545 1099 tabulas
571 1046 643 1098 non
671 1026 804 1099 effictas
831 1046 872 1098 ex
900 1026 1049 1106 natura,
1080 1025 1260 1115 pannulos

142 1139 281 1213 tantiam
302 1161 394 1226 esse,
417 1149 451 1215 et
469 1124 572 1232 guasi
600 1169 613 1205 a
636 1152 730 1214 carta
751 1143 890 1232 dipinla
911 1168 925 1205 »
943 1163 955 1235 3
976 1159 1095 1221 nemo,
1117 1141 1258 1212 meber·

142 1258 213 1342 cle,
238 1257 419 1330 veritatem
441 1239 561 1329 minus
582 1266 680 1329 curat
701 1257 808 1347 qn‘am
830 1256 892 1347 qui
917 1275 955 1328 se
979 1256 1032 1326 illi
1058 1253 1206 1326 omuino
1227 1261 1261 1326 et

145 1391 285 1463 semper
304 1372 486 1444 addictum
509 1373 680 1445 venditat.
705 1373 858 1444 Abditus
881 1372 918 1442 iu
942 1371 1124 1456 cubiculo,
1147 1370 1260 1441 muris

143 1489 244 1578 nigro
265 1489 382 1560 colore
402 1487 545 1569 lucetis,
560 1489 700 1560 clausis
718 1487 898 1567 fenestris,
920 1486 987 1557 sub
1012 1488 1166 1558 lucernae
1183 1486 1261 1556 luce

144 1601 309 1708 studens,
332 1602 420 1693 quid
437 1621 478 1675 ex
501 1604 629 1674 natura
645 1603 846 1693 perspicere
862 1609 970 1692 queat
986 1601 1057 1672 nisi
1073 1599 1260 1692 lugubrem

144 1724 179 1788 et
203 1717 377 1808 pallidum
400 1718 552 1789 nitorem
574 1718 681 1790 solidi
708 1718 896 1808 fragmenti
922 1717 1018 1808 quod
1042 1711 1175 1787 luriosd
1202 1714 1261 1786 de·

145 1833 284 1924 pingit?
318 1835 418 1906 Parvi
452 1834 623 1906 momenti
656 1841 741 1904 sunt
775 1833 912 1905 verba:
949 1833 980 1904 si
1013 1829 1262 1900 r'deolr‘sturuor

47 2000 53 2008 .
146 1951 297 2040 nomine⁸
322 1950 522 2041 intelligas,
556 1969 629 2020 non
660 1948 783 2021 fictitia
812 1948 956 2039 quidem
988 1955 1023 2019 et
1050 1946 1263 2018 concinnata

147 2064 312 2156 ingenia,
333 2066 396 2138 sed
417 2066 511 2137 uiros
531 2064 706 2156 ingenuos
726 2063 787 2154 qui
809 2071 972 2134 naturam
999 2062 1151 2133 fortibus
1171 2060 1263 2132 ideis

148 2179 224 2251 suis
252 2181 468 2272 subjiciunt,
496 2189 530 2252 et
556 2181 653 2252 illam
682 2198 724 2251 ex
753 2179 906 2249 internis
932 2178 1120 2268 speciebus
1147 2175 1264 2265 expri-

149 2302 273 2386 munt,
302 2293 376 2367 tdm
403 2295 638 2386 Caravaggius
663 2294 864 2386 praecipuus
888 2293 1002 2364 aetatis
1027 2311 1102 2364 suae
1133 2291 1264 2362 ‹idea-

149 2410 264 2482 lisla»
290 2411 414 2484 baberi
434 2411 553 2483 debet.

199 2525 361 2597 Salvator
381 2528 473 2598 Rosa
491 2533 654 2597 naturam
677 2526 791 2615 ipsam
814 2524 939 2594 saltem
961 2522 1049 2595 vidit
1068 2528 1103 2593 ct
1121 2505 1281 2615 seutilt3'

150 2639 187 2709 in
209 2641 250 2711 ea
272 2640 378 2734 viuit3
400 2638 594 2712 admodum
614 2640 841 2720 adolescens,
865 2639 901 2708 in
921 2638 1042 2709 Brutio
1063 2633 1264 2731 (Abruzzes)

150 2755 346 2835 cursitavit.
365 2756 533 2846 vigilavit,
553 2756 756 2837 somniavit,
775 2755 892 2826 lurum
911 2762 944 2826 el
965 2754 1193 2844 propolarum
1211 2751 1264 2821 la-

151 2869 269 2940 milias
282 2889 345 2960 per
360 2871 559 2942 Calabriam
574 2878 729 2953 secutus,
741 2867 832 2941 circ'a
845 2871 1006 2960 Gargano
1018 2876 1052 2940 et
1063 2867 1141 2939 Bari
1156 2867 1264 2938 maris

150 2984 322 3075 adspectu
350 2984 571 3068 inebriatus,
602 2987 703 3075 quus
735 3003 982 3076 repercussum
1014 2984 1051 3053 in
1084 2981 1265 3054 effrenatis

152 3102 228 3191 ejus
254 3101 425 3191 operibus
445 3102 620 3174 invenies.
641 3102 751 3172 Nemo
770 3099 851 3171 verb
871 3095 1072 3171 evidentius
1091 3101 1268 3168 monstrat

153 3213 261 3303 quim
279 3214 423 3288 dillicile
441 3217 488 3287 sit
503 3217 630 3288 italicae
646 3213 750 3286 llVlli
766 3215 886 3285 saeculi
902 3212 1100 3284 artificibus
1113 3211 1264 3282 circum·

148 3329 304 3419 iacentia
325 3332 535 3422 simpliciter
554 3331 685 3403 videre.
710 3331 870 3401 Salvator·
887 3328 1030 3418 quidem
1049 3327 1149 3398 nulla
1168 3325 1268 3397 sobo·

152 3444 217 3516 lari
234 3446 427 3537 disciplina
441 3447 633 3540 laboravlt3
651 3465 689 3518 se
704 3446 823 3536 ipsum
840 3442 951 3516 libere
966 3443 1145 3536 institult3
1161 3442 1269 3532 coepit

154 3559 275 3633 subito
299 3582 340 3634 eu
362 3563 491 3633 natura
510 3562 656 3652 pingere
678 3587 686 3632 :
708 3568 864 3633 attamen
883 3559 971 3650 fugit
991 3560 1092 3629 illurn
1118 3565 1267 3650 natura3

155 3677 247 3746 nibil
259 3677 358 3749 aliud
374 3676 509 3768 ellingit
521 3676 628 3768 quam
645 3677 827 3767 ingenium
843 3694 961 3747 suum.
976 3676 1015 3746 ln
1029 3693 1069 3746 oo
1084 3675 1268 3745 incensam

153 3793 292 3881 poesim
314 3794 504 3874 sentimus,
523 3811 681 3863 amaram
701 3791 895 3872 tristitiam,
918 3799 952 3863 et
970 3791 1073 3880 quasi
1093 3787 1270 3858 romanti-

154 3927 236 3976 com
254 3906 410 3997 aliquid,
438 3907 468 3979 si
488 3927 509 3978 a
527 3907 784 3978 recentioribus
807 3906 952 3977 verbum
974 3915 1009 3978 et
1036 3924 1109 3976 rem
1133 3923 1271 3976 nuncu·

155 4023 240 4112 pare
267 4023 397 4094 ausim.
428 4019 735 4108 Quemadmodum
765 4030 882 4094 autern
914 4039 1043 4093 sensus
1072 4020 1171 4092 illius
1200 4020 1272 4090 vio-

157 4139 277 4210 lentus
294 4146 361 4220 est,
375 4139 427 4210 sic
440 4139 538 4210 uisus
551 4137 753 4219 mediocris,
769 4157 834 4209 nec
844 4139 974 4219 clarus,
988 4154 1055 4208 nec
1068 4143 1185 4208 certus
1206 4133 1270 4228 (l),

187 4356 221 4418 (l)
237 4355 278 4404 Ex
294 4355 402 4405 itineris
418 4357 543 4418 epistolis
553 4356 664 4405 videtur
674 4357 767 4418 potius
779 4370 844 4403 rare
857 4357 932 4414 visu,
945 4354 1026 4416 quam
1038 4355 1126 4416 ipsam
1139 4357 1275 4403 naturam

158 4436 294 4498 diligere:
311 4434 389 4483 deest
404 4436 513 4498 poetica
527 4435 675 4484 subtilitas.

191 4531 203 4560 a
219 4515 241 4564 ll
256 4514 368 4576 viuggio
379 4512 393 4562 d
403 4514 586 4577 pittoresco...
600 4513 614 4563 ὀ
630 4514 695 4564 d'un
705 4517 793 4563 mesto
808 4514 866 4563 cosi
881 4515 1058 4576 strenas-aute
1072 4510 1203 4571 d’orrido‚
1220 4523 1235 4559 e
1248 4508 1276 4562 di
