3160 5152
816 411 978 476 ..66-

339 558 380 625 ut
405 547 592 644 magnifiee
622 575 641 618 o
668 569 753 625 ossa
778 551 1044 643 lacertosque»
1081 555 1284 624 monstrent
1310 546 1376 645 (1).
1403 552 1446 624 Ee

340 665 504 740 catorum
522 666 590 739 tuit
607 665 768 758 magistri
786 666 962 752 doctrina,
984 666 1119 739 scilicet
1135 666 1356 758 sculpturam
1376 685 1448 740 esse
1480 649 1483 656 ⁴

340 783 511 874 optimam
539 782 685 873 pictoris
710 782 869 854 scholam
898 789 933 855 et
962 800 1080 856 reram
1107 783 1255 874 picturae
1284 782 1445 872 speciem.

340 900 424 971 Haec
448 899 486 969 iu
512 898 587 980 illa,
611 904 782 989 tanquam
806 916 862 972 res
883 899 1000 973 minor
1020 899 1058 970 iu
1081 899 1216 989 majore
1236 898 1445 971 continetur.

293 1057 296 1061 -
346 1013 467 1086 «llice
494 1031 558 1105 ego
584 1013 803 1105 sculpturam
831 1015 980 1106 picturae
1004 1015 1114 1088 lacem
1137 1033 1231 1100 esse,
1254 1019 1290 1086 et
1308 1013 1448 1086 alteram

339 1127 479 1202 tautum
499 1129 544 1200 ab
563 1129 675 1202 altere
692 1129 827 1204 distare
846 1128 1021 1221 quantum
1042 1131 1160 1202 Solem
1181 1150 1202 1201 a
1222 1131 1324 1202 Luna
1346 1126 1408 1223 (l).
1429 1155 1442 1194 ι

340 1245 394 1316 to
410 1245 507 1335 quod
523 1231 696 1318 ridiculus
713 1248 956 1327 Benvenutus‚
977 1245 1192 1318 senteutiam
1209 1245 1447 1336 llicbelangcli

340 1360 534 1450 explanare
554 1367 707 1451 putans,
729 1361 830 1433 addit
855 1388 871 1425 ‹
891 1362 1112 1452 sculpturam
1132 1359 1265 1452 septies
1285 1360 1448 1451 majorem

341 1492 421 1548 csse
437 1475 576 1566 pictura
600 1473 664 1570 (5).
686 1502 702 1539 »
1184 1533 1186 1538 .

390 1589 493 1663 Unde
510 1589 551 1662 tlt
570 1597 610 1662 ut
628 1590 742 1682 pictor
759 1598 956 1665 statuarum
977 1591 1113 1674 studio,
1135 1591 1172 1664 id
1192 1599 1247 1664 est
1267 1589 1449 1665 Miebelan-

340 1705 408 1796 geli
425 1722 596 1796 operum,
616 1705 838 1786 instituatur,
864 1714 899 1780 et
918 1707 1108 1798 praecipuae
1132 1707 1358 1798 negligantur
1375 1704 1446 1796 pic-

339 1826 430 1894 turae
449 1827 589 1911 partes⁹
611 1823 708 1894 color
732 1828 903 1913 unquam
925 1822 1159 1896 secundarius
1182 1823 1357 1895 habeatur
1377 1817 1443 1916 (1),

370 2194 405 2336 g}
419 2193 558 2323 {r'ltffitco
576 2272 626 2322 che
639 2272 668 2320 la
683 2271 789 2335 pitture
804 2271 842 2320 mi
857 2285 907 2335 per
921 2271 969 2336 pib
990 2275 1086 2321 tenuta
1104 2273 1211 2332 bunna,
1231 2273 1336 2333 quanto
1357 2269 1404 2333 pilu
1418 2284 1449 2320 re
1470 2265 1472 2267 ’

309 2368 312 2372 ’
340 2367 422 2404 verso
436 2353 456 2401 il
471 2352 580 2411 ciliove,
596 2351 630 2402 ed
644 2352 663 2400 il
680 2351 779 2401 riliero
792 2352 841 2415 pilu
855 2355 952 2402 tenuto
969 2352 1086 2409 cattiro,
1105 2355 1209 2414 quanto
1225 2351 1273 2414 pili
1286 2365 1321 2400 va
1334 2364 1414 2400 verso
1426 2349 1451 2399 la

266 2475 273 2492 ,
340 2433 461 2497 pittura;
485 2445 500 2480 e
524 2431 590 2494 pero
611 2445 626 2479 a
644 2444 688 2481 me
703 2430 798 2483 solere
812 2444 923 2495 parcre,
939 2431 989 2480 che
1004 2431 1031 2480 lu
1044 2433 1169 2481 scultura
1187 2431 1263 2480 losse
1284 2431 1312 2479 la
1330 2431 1451 2480 lanterna

341 2514 412 2563 della
425 2513 543 2577 pitture,
557 2525 572 2561 e
587 2513 637 2560 che
652 2511 715 2560 dall'
729 2523 786 2560 una
800 2511 842 2560 all'
858 2511 928 2560 altra
941 2512 1016 2560 losse
1029 2512 1120 2574 quella
1134 2510 1299 2571 differcnza,
1313 2511 1362 2560 che
1380 2509 1395 2559 ὀ
1409 2509 1449 2558 del
1547 2510 1548 2569 f

339 2593 398 2643 sole
413 2593 466 2641 alla
480 2593 554 2643 luna.
571 2607 582 2638 u
598 2590 772 2654 <Micbelang.
789 2591 824 2640 ad
838 2590 943 2642 Bened.
956 2591 1068 2652 varchi,
1080 2594 1210 2641 Raccolla
1225 2593 1255 2640 dt
1271 2593 1365 2640 lettere
1381 2591 1450 2639 culta

336 2675 457 2734 pitture,
474 2670 543 2731 tunt,
559 2671 655 2734 Rome,
669 2670 690 2729 Ι,
707 2685 733 2733 p.
748 2670 783 2734 t.)

372 2751 505 2801 Veserius
522 2750 647 2814 quidem,
662 2751 692 2799 in
712 2751 830 2814 epistold
850 2749 878 2799 12
897 2750 1030 2800 februarii
1050 2749 1110 2801 1547
1124 2749 1159 2799 ad
1175 2750 1340 2813 Varchium,
1362 2752 1450 2798 narrat

223 2881 228 2900 Ι
341 2849 354 2880 o
369 2846 399 2882 se
417 2831 646 2893 Micbelangclum
661 2830 695 2879 de
710 2831 806 2880 eddam
821 2831 977 2893 quaestione
992 2831 1223 2893 interrogavisse,
1242 2831 1290 2892 qui
1309 2831 1348 2879 ila
1362 2829 1449 2879 subri-

341 2913 409 2962 dens
424 2911 568 2974 respondit
581 2925 615 2960 :u
632 2911 788 2974 Sculpturae
804 2916 831 2960 et
846 2911 963 2974 picturae
978 2910 1051 2960 idem
1065 2911 1129 2960 finis
1145 2915 1187 2960 est
1200 2911 1234 2958 ad
1250 2924 1331 2973 quern
1345 2909 1449 2958 difficile

341 2997 430 3042 estex
445 2993 501 3040 une
515 2995 543 3040 ct
557 2992 644 3040 altera
657 2996 735 3054 perte
750 2992 929 3055 pervenire.»
945 2991 1020 3042 Nihil
1036 2992 1154 3055 amplius
1167 2992 1201 3040 de
1216 3005 1246 3040 ro
1258 2992 1330 3040 scire
1341 2990 1449 3054 potui.»

340 3075 488 3136 (Raccolta,
504 3072 525 3133 1,
542 3072 592 3132 37.)

373 3152 443 3211 Quae
458 3157 550 3202 autem
565 3152 711 3215 responsio
726 3152 799 3224 nihil
810 3152 884 3201 eliud
898 3152 1070 3202 demonstrat
1084 3151 1138 3201 nisi
1153 3153 1340 3215 quaestlonum
1351 3150 1450 3201 odium.

341 3249 353 3280 n
371 3233 445 3283 Satis
460 3233 689 3296 disputationum,
703 3233 800 3282 scribit
812 3232 1046 3295 Micbelangelus3
1063 3233 1093 3281 in
1108 3233 1151 3282 his
1164 3234 1252 3295 majus
1266 3238 1373 3295 tempus
1389 3230 1451 3280 teri-

340 3318 386 3363 tur
400 3313 482 3376 qudm
501 3313 536 3361 ad
555 3312 699 3376 fingendas
718 3313 820 3375 figuras
837 3313 964 3365 sufficiat.
980 3330 992 3361 u
1008 3338 1039 3352 -
1055 3312 1111 3363 Sed
1132 3315 1266 3375 praestarc
1286 3313 1452 3375 sculpturam

340 3394 456 3443 tirmiter
473 3393 562 3443 credit
577 3407 583 3442 r
601 3409 614 3441 «
634 3392 689 3452 Qui
709 3391 821 3455 scripsit
841 3393 977 3455 picturam
998 3393 1142 3456 sculpture
1159 3391 1326 3442 nobiliorem
1341 3403 1415 3450 esse,
1430 3389 1452 3438 si

341 3477 443 3524 caetera
460 3473 558 3522 eodem
573 3474 655 3522 modo
670 3472 822 3534 intellexit,
837 3473 936 3522 mclibs
957 3472 1005 3524 illo
1021 3487 1102 3524 serva
1117 3485 1177 3522 mea
1191 3472 1315 3522 iecisset.
1330 3487 1342 3518 e

372 3553 494 3604 Aculeus
511 3553 558 3603 ille
572 3553 602 3602 iu
617 3551 793 3603 Leonerdum
807 3551 885 3614 inlici
900 3552 1020 3604 videtur.
1034 3553 1078 3616 (V.
1099 3556 1222 3602 Trattato
1238 3554 1313 3602 della
1331 3552 1450 3612 pictura,

340 3633 363 3694 l,
375 3633 500 3697 passim.)

370 3711 404 3774 (3)
423 3731 435 3757 o
450 3711 519 3768 Dico
535 3713 586 3761 che
601 3710 679 3760 l'arte
694 3709 766 3759 della
780 3712 903 3760 scultura
918 3711 991 3760 inira
1006 3715 1078 3761 tutte
1092 3709 1178 3770 l'arti,
1194 3710 1224 3758 in
1238 3709 1284 3759 cui
1301 3708 1452 3760 interviene

341 3789 502 3854 disegn0,d
525 3790 665 3853 maggiore
687 3793 757 3839 sotto
779 3789 867 3850 volte,
884 3787 985 3853 perche
1006 3802 1062 3838 una
1077 3791 1170 3838 statua
1191 3788 1220 3836 di
1242 3789 1366 3838 scultnra
1387 3787 1451 3836 deve

340 3885 422 3922 avere
443 3874 501 3920 otto
519 3870 631 3921 vedute.
647 3887 659 3914 a
678 3869 868 3930 (Benvenutus
889 3869 924 3918 ad
943 3869 1108 3929 Varchinm‚
1124 3867 1154 3918 18
1170 3869 1279 3930 ianuar.
1300 3866 1373 3931 1516,
1387 3870 1452 3916 Rec-

339 3954 422 4011 colta,
437 3954 500 4012 etc,
515 3949 537 4010 I,
557 3948 604 4011 13.)

372 4031 475 4082 Omnes
489 4031 551 4079 istae
566 4028 693 4091 epistolae
706 4041 818 4077 causam
831 4027 934 4078 habent
949 4041 985 4077 ex
1000 4027 1156 4091 quaestione
1168 4026 1289 4090 quddam
1300 4025 1411 4076 varchii
1422 4023 1453 4074 do

340 4112 549 4175 comparatione
563 4109 681 4158 duarum
696 4108 807 4157 artium.

371 4193 405 4257 (l)
422 4193 594 4242 Tintorettus
609 4189 683 4252 ipse,
700 4188 859 4238 auctoritati
875 4187 1067 4251 Michelangcli
1083 4201 1198 4251 parens,
1214 4188 1252 4237 ait
1270 4201 1276 4237 :
1295 4187 1453 4238 «Pulcher-

340 4273 403 4322 rimi
419 4273 526 4322 colores
541 4273 606 4320 sunt
620 4269 712 4317 album
728 4272 755 4317 et
770 4267 891 4330 nigrum,
905 4269 971 4331 quia
985 4268 1081 4331 figuris
1096 4270 1186 4318 lucem
1202 4270 1341 4332 praebent‚·
1355 4281 1388 4318 cx
1403 4264 1453 4330 qut

340 4359 450 4404 exstare
465 4357 548 4414 atque
561 4349 682 4399 eminere
694 4347 873 4399 videantur.u
888 4347 975 4409 Idem,
989 4349 1170 4411 vergentibus
1183 4348 1273 4407 anuis,
1289 4349 1391 4398 scholae
1406 4345 1455 4395 Vc·

340 4435 461 4484 nctiauae
482 4434 621 4496 praecepta
639 4430 779 4486 abnuens,
802 4429 991 4490 praestautiarn
1014 4427 1195 4478 delineaticni
1218 4429 1336 4482 confert.
1355 4445 1367 4477 e
1383 4425 1454 4478 Deli·

340 4515 490 4576 neandum‚
505 4512 588 4562 etiarn
601 4514 629 4558 et
646 4521 755 4572 semper
773 4507 979 4560 delineandum.
995 4523 1007 4554 e
