3176 5152
785 390 945 460 -36-

305 538 427 630 signa,
456 542 491 610 et
514 536 717 630 άλληγόριαι,
747 553 828 624 quae
855 535 972 606 locum
1002 536 1192 609 bominum
1221 537 1275 610 rel
1303 556 1420 610 rerum

305 652 557 735 existentium,
581 651 688 722 simul
710 657 744 722 et
764 647 844 721 verb
866 659 1111 741 perceptorum
1131 671 1305 724 sensuum
1326 653 1423 726 inra-

306 765 396 839 dunt
417 763 487 860 (err.
509 773 598 858 grat.
619 768 735 837 Terrae
750 773 882 845 motus,
901 766 1054 856 Oppida,
1074 766 1253 847 Flumina,
1276 765 1358 859 etc).
1379 807 1423 822 -

306 880 480 955 Caeterirm
516 879 648 972 saepir'rs
680 882 807 953 accidit
843 890 880 952 ul
912 882 1071 979 magistri
1105 892 1223 973 parles
1251 893 1424 974 occupent

305 998 496 1088 discipuli,
531 997 593 1087 qui
625 997 875 1086 antiquitatem
912 1006 1081 1087 tanquam
1118 1017 1352 1089 personarum
1383 1019 1425 1070 ac

305 1115 455 1186 restium
494 1114 676 1186 tabernam
715 1112 965 1196 considerant,
1002 1122 1036 1185 et
1071 1133 1111 1186 err
1150 1118 1192 1186 en
1230 1113 1424 1205 procaciter

306 1236 483 1319 quaestum
500 1235 678 1300 exercent.

352 1343 469 1414 lulius
499 1344 680 1413 Romanus
706 1349 841 1414 veteres
868 1361 1034 1413 nummos
1059 1342 1223 1416 animos'e
1247 1344 1423 1435 perquirit

309 1455 354 1551 (v.
374 1454 589 1548 lasanum),
609 1465 644 1528 et
660 1457 938 1548 diligentissima
953 1460 1038 1528 curb
1052 1458 1239 1531 columnas
1254 1459 1422 1548 antiquas

305 1580 340 1644 et
360 1575 550 1664 anaglypta
570 1573 735 1663 inspicit:
760 1591 841 1663 qua
867 1569 961 1663 saepe
985 1572 1142 1644 delineat
1167 1582 1201 1645 et
1224 1572 1357 1664 saepibs
1375 1572 1422 1645 ad

305 1689 469 1779 proprios
489 1707 578 1759 usus
598 1686 854 1759 accommodat.
877 1687 1110 1778 Complcntur
1129 1690 1207 1779 ey'us
1222 1707 1330 1779 opera
1348 1689 1421 1759 bis·

275 1803 416 1884 [lorica
435 1811 470 1875 et
497 1803 614 1894 prisco
640 1820 737 1874 more
762 1803 929 1874 instituta
953 1803 1165 1884 ornatione;
1192 1804 1328 1876 diceres
1349 1811 1420 1876 sta·

303 1927 384 1991 tuas
404 1939 446 1992 en
466 1919 618 1991 basibus
638 1913 714 1990 s'uis
733 1919 827 1990 recta
847 1917 903 1987 rib
923 1917 959 1988 in
985 1918 1126 1990 tabulas
1146 1921 1234 1991 istas
1256 1919 1417 2011 migrare.

303 2035 348 2106 tt
367 2035 493 2107 saltem
515 2035 650 2122 nimius
670 2034 738 2105 iste
755 2040 909 2105 veterum
931 2053 1033 2105 amor
1048 2035 1248 2107 vehementi
1271 2036 1422 2108 sarcitur

302 2167 481 2243 corporeae
501 2150 659 2222 veritatis
681 2149 815 2228 studio,
840 2149 936 2238 quod
958 2150 1097 2220 sincera
1118 2149 1188 2221 lide
1210 2169 1275 2222 neo
1293 2149 1420 2241 frigido

302 2273 404 2355 pacto
425 2265 581 2336 inicitur.
605 2264 739 2335 llrlilen
760 2263 906 2353 quidem
926 2283 998 2334 non
1017 2263 1246 2336 nobilissima
1264 2265 1421 2356 antiqui·

302 2381 386 2452 tatis
420 2387 518 2470 parte
551 2387 731 2459 moretur,
768 2387 889 2470 utpote
929 2380 1011 2469 quis
1046 2379 1186 2452 bebetis
1216 2381 1349 2472 ingenii
1385 2389 1420 2454 et

302 2494 419 2568 cordis
446 2495 547 2566 rudis
571 2496 619 2566 sit
643 2519 651 2565 r
674 2494 737 2566 sed
767 2513 807 2567 er
832 2496 874 2567 ert
900 2495 1181 2586 expleturlerox
1204 2504 1239 2569 et
1263 2496 1415 2581 ardens,

301 2610 470 2682 sensibus
490 2609 568 2700 ejus
588 2609 727 2692 innata,
750 2609 895 2700 cupide.

348 2725 465 2796 lulius
492 2726 674 2796 Romanus
700 2725 849 2796 ultimus
875 2743 915 2798 er
943 2725 1023 2796 istis
1048 2727 1276 2816 antiquitatis
1304 2727 1421 2800 lanto·
1526 2759 1541 2774 f

301 2849 401 2919 ribus
426 2854 561 2930 exstat,
588 2866 680 2938 quos
705 2847 913 2919 barbarione
940 2847 1022 2918 stilo
1052 2867 1250 2938 «paganos
1275 2877 1291 2914 ›
1318 2867 1419 2921 roca-

301 2983 381 3035 mns
406 2961 470 3057 (l).
493 2963 632 3046 Galeri,
655 2963 858 3036 eruditione
874 2951 1029 3052 quadam
1047 2964 1110 3036 sed
1129 2965 1297 3038 mediocri
1316 2965 1418 3037 intel-

330 3217 363 3279 (l)
378 3215 500 3266 Joannes
516 3215 550 3264 de
565 3215 657 3264 Udine
673 3213 825 3278 (liet-loct)
840 3217 947 3278 species
965 3230 1000 3264 ex
1015 3215 1070 3265 Titi
1087 3217 1190 3277 palatio
1207 3216 1342 3277 delineat,
1356 3231 1418 3280 quae

299 3309 396 3346 recens
409 3297 438 3344 in
454 3295 492 3345 S¹⁰
507 3296 589 3344 Petro
603 3295 632 3343 in
648 3295 775 3344 Vinculis
791 3296 893 3344 detecti
907 3297 1027 3357 fuerant,
1043 3302 1069 3344 et
1085 3309 1180 3344 eorum
1196 3297 1319 3345 insolens
1331 3311 1418 3359 genus

299 3381 428 3439 usurpat,
445 3376 518 3438 quod
537 3377 566 3423 in
581 3375 703 3438 picturas
720 3375 791 3425 delle
806 3379 922 3436 Loqqie,
938 3377 1053 3438 antiquo
1069 3389 1144 3424 more
1156 3365 1309 3438 cogitatas,
1325 3382 1417 3426 trans-

298 3457 360 3506 fert.
377 3457 425 3504 Ille
440 3456 537 3503 saltem
551 3454 651 3503 adhoc
666 3468 754 3516 genus
770 3455 847 3517 pribs
863 3459 890 3503 et
905 3456 1018 3518 propria
1031 3456 1130 3503 natura
1146 3468 1249 3516 pronus
1264 3455 1325 3507 luit.

330 3537 448 3586 Perinus
463 3536 507 3584 del
523 3535 600 3598 Vaga
618 3534 775 3598 (15004547)
795 3549 856 3584 sose
879 3535 1001 3584 instituit
1020 3536 1146 3597 quaesitis
1167 3549 1217 3597 per
1232 3535 1325 3584 ruinas
1346 3537 1418 3584 enti-

298 3617 360 3680 quis
374 3616 560 3678 ornamentis,
577 3621 604 3664 et
619 3614 766 3664 delineatis
781 3613 863 3664 morib
878 3615 1051 3678 anaglyptis,
1070 3614 1152 3664 modo
1168 3613 1304 3663 Vaticano
1318 3620 1344 3663 et
1358 3614 1418 3664 Sis-

298 3697 357 3745 tine
371 3695 493 3759 Capella.
783 3681 788 3690 ’

329 3775 487 3838 Polydorus
503 3763 537 3824 de
553 3774 724 3838 Caravaggio
742 3773 901 3836 (14904543)
913 3774 1045 3836 antiquis,
1057 3787 1120 3822 cum
1135 3773 1293 3822 Methurino
1307 3773 1340 3822 de
1353 3774 1417 3824 Flo·
1435 3823 1443 3836 ,

297 3857 387 3906 nentia
409 3855 520 3905 assidue
537 3857 643 3917 studet,
662 3855 831 3918 sculpturam
853 3855 1006 3903 unicoloris
1028 3854 1145 3916 picturis
1161 3859 1189 3904 ct
1209 3855 1268 3906 sola
1284 3855 1419 3903 luminum

297 3939 512 3996 umbrarumque
529 3935 636 3982 ratione
653 3934 771 3995 (graffiti)
794 3935 928 3982 imitatur.
946 3932 1088 3994 Quidquid
1104 3947 1137 3982 ex
1156 3934 1278 3996 antiquis
1293 3935 1419 3996 sculptu-

296 4018 335 4066 ris
351 4021 487 4079 superest,
501 4028 577 4074 vasa,
594 4016 700 4076 cippos,
716 4015 847 4072 tumulos,
864 4014 971 4072 balnea,
988 4027 1077 4071 arma,
1093 4019 1213 4077 tropaee,
1229 4015 1377 4077 anaglypta
1392 4019 1419 4062 el

297 4103 406 4160 ectypa,
421 4097 455 4144 ad
471 4100 596 4143 exactam
607 4094 818 4143 similitudinem
833 4094 983 4142 delineant.
995 4093 1055 4142 Jam
1068 4109 1084 4141 a
1097 4094 1205 4143 Vasarii
1219 4099 1343 4157 tempore
1355 4094 1419 4142 imi-

296 4181 391 4226 tantur
403 4189 499 4225 eornm
513 4176 748 4232 monochromata,
765 4175 812 4236 qui
825 4173 929 4223 veteris
946 4175 1012 4222 artis
1028 4175 1173 4222 scientiam
1189 4175 1296 4224 discere
1310 4175 1419 4226 volunt.

296 4257 393 4307 Romae
408 4255 507 4304 domus
527 4254 722 4303 ornationibus
738 4255 772 4301 ab
788 4254 903 4314 antiquo
925 4253 1040 4301 imitatis
1056 4255 1200 4315 obtegunt.
1217 4270 1228 4300 rr
1245 4255 1421 4317 Anaglypto-

296 4351 357 4386 rum
370 4337 512 4399 praecipua
526 4335 628 4384 notitia
643 4333 813 4396 Polydorum
829 4333 957 4382 incitavit
971 4338 1002 4381 ut
1013 4333 1156 4396 effingeret
1170 4346 1276 4396 pugnas
1292 4339 1319 4383 et
1330 4337 1421 4386 sacri-

296 4417 368 4479 ficia,
383 4430 451 4466 vasa
464 4415 586 4476 antiqua,
604 4427 743 4462 armornm
758 4418 875 4476 tropaea,
889 4417 916 4460 et
932 4418 1102 4474 ornamenta,
1116 4412 1252 4475 quidquid
1268 4414 1422 4476 antiquitas

296 4495 475 4561 pulcherrimi
490 4495 519 4542 in
533 4495 585 4542 boc
599 4506 700 4556 genere
714 4493 831 4556 peperit,
845 4492 1018 4542 celerantia»
1032 4491 1074 4554 (R.
1089 4492 1124 4541 de
1137 4491 1231 4554 Pilee).
1243 4490 1331 4544 -Ille
1345 4496 1421 4544 mul.
