3176 5152
844 396 1004 462 „ra-

364 539 505 612 fictitias
537 559 707 631 personas
740 540 881 611 creabat
912 535 972 631 (l).
1003 539 1065 628 qul
1094 537 1304 610 subliruiurn
1325 554 1469 627 ¹operum

363 673 511 743 suorurn
538 656 642 728 taedio
669 655 925 735 invadebatur,
961 653 1019 724 ubi
1051 672 1092 724 ea
1126 651 1317 744 peragendi
1347 659 1471 741 tenpus

364 747 575 853 advenerat;
597 811 644 820 -
664 770 745 860 qui,
770 769 815 841 ad
836 769 997 840 ultirnanr
1023 770 1136 852 diem,
1166 768 1312 847 «fleus,
1339 785 1469 852 arnone,

364 885 522 963 larveus,
554 885 762 974 suspirans,
794 911 808 947 ι
842 885 998 974 speciem
1028 891 1250 973 prospectam
1281 881 1473 972 imploravit

365 1019 430 1073 nec
449 1001 565 1090 attigit
585 999 649 1092 lt),
667 1039 715 1049 -—
734 1007 769 1070 et
788 999 945 1088 denique
968 1000 1126 1069 rnoriens
1148 1016 1218 1068 non
1241 995 1382 1068 vivendi
1401 1015 1472 1086 gau-

364 1115 478 1195 dium,
497 1115 559 1186 sed
580 1116 818 1204 interruptum
841 1114 996 1184 laborem
1018 1112 1245 1184 desiderabat
1264 1115 1275 1200 l
1301 1110 1326 1205 l.
1350 1162 1352 1168 -

398 1352 432 1412 ll)
452 1351 502 1400 llio
517 1351 634 1413 quddam
651 1350 866 1412 Micholangolus
887 1350 996 1398 dicebat
1016 1348 1170 1398 Ammanati
1188 1363 1194 1396 :
1212 1363 1225 1394 rr
1241 1347 1320 1396 Nolle
1336 1347 1387 1395 mie
1402 1361 1473 1410 opere

369 1444 434 1479 caeo
451 1443 563 1491 sangue.
582 1448 593 1474 n
610 1429 733 1488 (Berniui
752 1432 826 1476 lllar.
844 1453 871 1464 -
886 1433 947 1478 Gar.
962 1432 1010 1474 des
1024 1431 1211 1485 Beaux-Arts,
1228 1423 1314 1485 XXV,
1330 1425 1394 1487 527.)

401 1509 447 1558 Ait
469 1509 637 1558 Benedictus
658 1509 759 1557 Varcbi
782 1522 787 1556 :
813 1525 825 1553 n
847 1501 950 1568 Signor
972 1507 1155 1566 Buonarotti‚
1174 1511 1253 1572 arete
1276 1507 1294 1552 il
1320 1505 1432 1553 cervello
1449 1505 1473 1552 di

368 1589 464 1639 Glove⁴
478 1605 490 1636 u
503 1589 664 1651 Respondet
675 1589 907 1650 Micbelungelns:
922 1587 978 1636 «Si
990 1589 1072 1636 vuolo
1089 1588 1106 1635 ll
1122 1587 1246 1634 martello
1260 1586 1287 1633 di
1298 1585 1418 1634 Vulcano
1432 1598 1474 1646 per

367 1671 445 1720 larue
458 1669 550 1718 uscire
566 1669 681 1730 qualche
697 1683 770 1716 cosa.
783 1684 796 1714 n
807 1667 1028 1730 (Memoratuma
1044 1665 1190 1716 Deleoroix
1206 1678 1211 1713 :
1225 1667 1357 1722 Journal,
1369 1664 1401 1722 ΙΙ,
1415 1663 1472 1724 rto.)

397 1749 431 1812 (Ἰ)
633 1759 689 1798 ...Le
701 1756 773 1798 lallnol
784 1769 888 1810 speranza
898 1757 925 1798 e'l
940 1769 981 1797 van
993 1755 1063 1805 nasio,

632 1828 771 1880 Plangendo,
783 1828 884 1882 amando,
901 1827 1031 1877 ardendo-e
1041 1825 1179 1880 sasprando,
1262 1844 1265 1846 ·

631 1899 756 1950 (Gb’affetto
767 1899 831 1940 alcun
843 1898 923 1940 mortsl
936 1911 981 1939 non
993 1897 1035 1939 m'b
1046 1897 1084 1950 pirt
1098 1894 1179 1948 nuovo)

634 1969 737 2011 M'hanno
748 1972 834 2020 tenuta,
846 1981 885 2010 ora
896 1969 912 2010 ll
922 1979 1015 2010 conosco
1026 1979 1125 2022 eprovo,

628 2041 646 2080 E
655 2039 691 2080 dal
702 2052 753 2081 vero
766 2039 823 2081 edel
833 2039 877 2081 ben
888 2051 975 2093 compre
984 2039 1084 2080 lontano.

399 2114 431 2175 (3)
447 2112 601 2162 cardinalis
618 2111 778 2174 SalviatluS,
792 2112 991 2173 Micbelangelo
1003 2125 1087 2172 quum
1104 2109 1232 2158 nrorienti
1248 2107 1398 2165 assisteret,
1411 2105 1473 2153 dixit

366 2195 412 2243 ille
423 2207 453 2242 se
466 2193 521 2241 duo
535 2196 641 2240 tanturn
657 2192 830 2246 desiderare,
847 2192 963 2240 altorum
980 2191 1053 2253 quod
1073 2191 1106 2238 ad
1124 2192 1240 2238 salutem
1256 2201 1335 2236 suam
1350 2185 1472 2250 quidquid

367 2269 500 2322 debuerat
508 2286 564 2320 non
575 2273 696 2326 lecisset,
706 2273 823 2320 alterurn
833 2272 907 2334 quod
921 2273 1022 2334 periret
1031 2285 1115 2334 quum
1126 2275 1213 2318 artem
1223 2282 1301 2318 suam
1312 2266 1472 2317 solumunodo

364 2355 496 2403 inchoare
511 2353 668 2414 incipiebat.
684 2352 819 2414 (Remini,
837 2357 922 2412 Dior„
940 2351 1013 2411 XXI,
1029 2352 1094 2414 388.)
