3176 5152
633 369 818 450 '-aa·-

178 529 341 600 lerociori
368 536 402 600 et
427 526 606 598 audaciori
631 527 753 596 animo
773 524 962 614 praeditus,
985 522 1091 614 qu'am
1115 532 1152 596 ut
1172 543 1291 596 orem-

180 645 334 735 plarium
366 641 640 714 similitudinem
672 639 847 712 imitando
879 639 1037 719 allectam
1070 657 1186 729 neque
1217 642 1294 730 ejus

180 761 338 850 aequales
364 758 614 848 antiquitatem
643 756 731 827 satis
763 758 896 826 norunt
926 761 965 824 ut
998 755 1066 825 tale
1097 755 1295 844 periculum

181 875 325 947 adeant.

232 991 462 1069 licitantem,
481 993 660 1058 crescente
675 986 711 1054 in
729 985 806 1056 dies
826 984 1041 1056 detectorum
1062 1002 1208 1074 operum
1228 1003 1297 1056 nu-

183 1123 281 1175 mero
301 1112 335 1176 et
353 1109 547 1181 momentu,
566 1117 763 1189 eorumque
779 1099 870 1168 iamai
889 1099 1063 1188 usquead
1079 1099 1296 1189 optimorum

184 1221 434 1312 magistrorum
468 1217 743 1289 admirationem
778 1215 968 1305 gliscente,
1003 1234 1114 1305 quum
1150 1216 1299 1307 insuper

182 1342 397 1408 conarentur
424 1351 551 1405 omnes
579 1338 618 1403 ut
647 1338 833 1421 praecepta
858 1337 893 1400 et
923 1331 1016 1422 leges
1044 1349 1087 1401 cx
1112 1331 1185 1402 illis
1211 1331 1298 1402 artis

183 1449 366 1522 miraculis
388 1448 634 1527 extraherent,
658 1464 729 1517 non
751 1445 861 1518 ltaliae
880 1443 1024 1517 demum
1047 1446 1111 1518 sed
1131 1447 1299 1537 Antiqui-

183 1567 267 1638 tatis
292 1564 430 1636 renasci
454 1563 637 1652 ingenium
663 1561 777 1632 risum
800 1568 866 1632 est.
890 1562 1047 1633 -lulio
1066 1563 1110 1631 11ο
1129 1569 1299 1653 regnante

183 1681 323 1754 detecta
348 1687 433 1752 sunt
453 1681 613 1749 Truncus
637 1695 679 1748 ex
708 1675 897 1748 Belredcre
921 1685 955 1748 et
974 1677 1116 1750 Arianae
1143 1677 1297 1770 effigies;

185 1799 348 1868 Laocoon
368 1812 463 1865 anno
482 1794 592 1872 1506;
614 1793 761 1862 Hermes
782 1792 850 1863 sub
871 1792 999 1863 Leonis
1014 1792 1055 1863 Xi
1076 1791 1296 1884 principatu;

185 1911 375 1982 Arretinos
399 1910 494 1980 iuter
516 1923 633 1977 annos
660 1907 890 1990 iddio-1556,
916 1908 1083 1978 Hercules
1109 1910 1301 1981 Farnesius

184 2027 344 2116 itemque
368 2023 560 2094 Farnesius
586 2023 723 2092 Taurus
748 2039 844 2092 anno
873 2023 986 2103 l5l0;
1011 2024 1183 2114 Meleager
1206 2043 1301 2096 anno

191 2143 305 2226 1550,
337 2137 528 2228 Pompeius
559 2138 672 2216 1560,
700 2137 768 2205 Vas
795 2136 1075 2226 Borghesiauum
1100 2146 1134 2210 et
1157 2140 1301 2210 Faunus

187 2273 268 2326 curn
294 2272 404 2346 puero
428 2252 552 2324 eodem
579 2248 651 2322 ler'e
676 2259 855 2341 tempore,
876 2259 910 2321 et
929 2252 1060 2323 Niobes
1082 2253 1184 2324 liberi
1205 2273 1301 2325 anno

190 2371 282 2440 1585
307 2366 372 2462 (1).
392 2365 577 2454 Quomodo
595 2365 766 2436 mirandae
786 2366 858 2436 illae
877 2367 992 2438 aetatis
1008 2367 1222 2456 jamdudum
1244 2387 1302 2440 en·

187 2484 340 2566 stinctae,
365 2501 461 2554 nunc
480 2480 711 2571 resurgentis,
736 2481 898 2570 reliquiae
915 2482 1151 2573 ingenuarum
1172 2485 1301 2558 artium

187 2617 416 2689 progressum
442 2596 687 2675 cohibuerint,
717 2593 818 2666 iacil'e
850 2597 1074 2688 intelligitur,
1106 2602 1303 2689 prasertim

100 2789 103 2795 ,
188 2733 301 2804 quum
329 2714 451 2785 omnia
481 2710 867 2801 lindocolniam
896 2713 1077 2802 quoddam
1103 2714 1305 2805 disciplinae

187 2847 318 2919 corpus
333 2837 465 2911 coacta,
484 2827 653 2898 omnibus
672 2827 829 2916 ingeniis
845 2835 1017 2917 tanquam
1033 2847 1075 2900 ex
1092 2827 1305 2902 necessitate

188 2951 266 3015 orte
286 2949 545 3042 apparuerunt.

214 3095 217 3100 ·
240 3059 377 3150 Rapido
403 3065 438 3130 et
462 3058 638 3148 completa
664 3057 731 3128 luit
756 3058 919 3130 mutatio.
947 3060 986 3129 ln
1016 3061 1213 3144 leonardo,
1242 3063 1303 3152 qui

189 3194 286 3247 auno
310 3177 401 3246 1519
424 3174 587 3254 moritur,
611 3174 710 3244 nulla
735 3182 834 3264 parte
854 3182 1010 3247 veterum
1036 3183 1219 3250 contactus
1239 3196 1304 3249 ne·

189 3310 262 3382 que
284 3291 437 3361 imitatio
460 3287 754 3379 deprehenditur.
780 3290 937 3379 Raphael
957 3291 1035 3382 ipse
1054 3293 1304 3382 antiquitatem

190 3426 265 3478 non
286 3413 432 3477 noverat
456 3403 666 3497 priusquam
688 3407 856 3488 Romam,
879 3423 974 3478 auno
1000 3410 1113 3490 1508,
1137 3409 1215 3481 iret.
1240 3407 1306 3478 Uo-

188 3521 262 3591 deac
279 3523 356 3612 ejus
376 3520 687 3591 adumbrationem
704 3521 841 3594 lelicem
862 3523 955 3594 hanc
975 3524 1213 3614 ignorantiam
1237 3533 1307 3596 tes-

189 3643 299 3718 tatur,
317 3636 501 3726 inquibus
517 3637 619 3706 latini
635 3636 841 3726 philosophi
861 3647 896 3709 ct
913 3647 1025 3728 poetae
1040 3658 1119 3711 sese
1134 3640 1305 3731 tauquam

190 3753 306 3823 hunos
326 3769 369 3822 ex
390 3750 536 3822 Ombria
556 3769 682 3834 sance,
707 3752 909 3823 scholarum
932 3755 1141 3844 magistros,
1163 3763 1226 3826 aut
1245 3773 1310 3846 op-

190 3866 359 3957 pidanos,
385 3865 558 3937 Perusino
583 3883 697 3948 more,
727 3855 820 3938 cives
847 3875 1031 3957 praestant.
1059 3871 1142 3940 Sola
1165 3871 1306 3960 antiqui

223 4084 257 4147 (l)
273 4083 345 4133 Vide
365 4099 408 4146 ap.
425 4083 532 4146 1111111,
549 4083 688 4133 Romanos
704 4084 778 4134 XVl·
794 4087 897 4135 saeculo
917 4089 1060 4151 συναγωγὰς
1078 4089 1223 4150 (naphaei,
1242 4087 1309 4151 1881,

214 4163 366 4215 tae-592.
937 4207 939 4212 .

191 4166 374 4294 pNonnullLe
390 4244 472 4292 etiam
486 4245 603 4306 picturae
618 4245 739 4307 antiquae
754 4259 788 4294 co
810 4251 934 4309 ternpore
953 4253 1027 4297 notae
1048 4253 1113 4297 sunt
1130 4248 1266 4310 (Sallustii
1285 4253 1312 4298 et

191 4324 248 4374 Titi
268 4322 356 4382 horti,
373 4323 524 4382 Quirinalis
544 4324 681 4388 reliquiae,
695 4325 760 4374 villa
773 4325 936 4388 Inghirami,
957 4329 1079 4377 tumulus
1100 4329 1153 4378 viae
1179 4329 1310 4390 Salariae,

192 4404 310 4453 tharmae
331 4401 527 4465 Diocletianae,
546 4403 645 4464 Tibur,
661 4405 780 4454 tessellae
801 4407 978 4470 Palestrinae‚
1002 4411 1074 4471 etc).
1091 4407 1147 4458 Sed
1168 4410 1311 4472 sculptura

190 4483 368 4547 praecipuum
382 4481 487 4530 iontem
499 4482 534 4530 cd
548 4482 735 4534 instituendos
751 4485 871 4536 artifices
885 4488 1000 4550 praebol.

1137 4568 1154 4632 3
