3160 5152
608 423 787 488 -1oo-

139 569 232 642 turis
263 567 432 659 erumpit,
466 605 513 621 —-
545 566 582 637 lu
610 564 793 646 Rubente,
829 564 924 633 2200
958 546 1107 643 tabulis,
1141 572 1260 652 rteque

138 683 416 757 ardlrdosedatur
429 679 490 777 (l),
507 681 734 773 superfluous
748 677 902 751 etiehris
916 695 1056 767 expers,
1071 675 1259 767 nongoium

141 801 303 894 expleta,
326 796 512 890 nunquim
534 798 679 882 lassata,
701 834 748 850 -
769 795 911 885 qrralem
935 784 1094 888 demum,
1119 792 1263 864 Bruxel-

142 915 285 997 loduni,
306 915 345 986 iu
361 913 518 988 mirabili
545 908 826 983 ‹Fecunditatis
846 908 1029 999 trr'urnplro
1049 934 1064 971 ›
1087 907 1261 979 lordaens

141 1029 335 1120 expressit.

676 1289 723 1320 ee

194 1459 234 1528 lo
256 1455 395 1529 Batavis
416 1453 561 1546 quidem
585 1469 659 1522 non
686 1449 848 1524 invenire
868 1457 923 1520 εει
942 1449 1032 1522 illud
1058 1455 1195 1524 naturae
1216 1450 1265 1522 si·

144 1572 220 1644 mul
246 1578 281 1643 et
305 1569 453 1642 humani
484 1566 596 1640 animi
622 1564 800 1646 studium,
824 1562 882 1657 (ne
902 1562 1018 1636 dicam
1037 1563 1265 1636 tueammom

144 1693 288 1756 umorue
306 1681 516 1776 curiosum),
536 1701 607 1773 quo
628 1681 786 1770 Belgium
807 1678 911 1751 llVlli
928 1680 1048 1754 saeculi
1066 1681 1194 1752 lactum
1211 1687 1266 1752 est

146 1802 258 1874 altera
282 1801 446 1892 quaedem
474 1799 595 1880 ltalia,
624 1796 804 1886 corporeis
828 1795 1015 1868 edentibus
1036 1804 1070 1870 et
1090 1814 1263 1869 sensuum

147 1917 301 1989 luxuriae
321 1914 456 1988 dedite.
478 1954 525 1966 -
545 1915 696 1986 Batavus
717 1911 831 1984 nodos
858 1929 983 1983 omnes
1010 1910 1105 2003 rupit
1130 1912 1264 2002 quibus

148 2032 302 2124 imperio
319 2028 489 2122 primitur,
512 2036 547 2102 et
573 2025 657 2099 inde
677 2027 942 2100 renascentium
961 2011 1160 2099 litterarum
1182 2026 1264 2100 uni·

146 2146 303 2219 versitali
335 2143 435 2218 extra
464 2145 628 2235 proprios
656 2142 814 2234 gentium
844 2139 936 2212 lines
964 2141 1192 2233 religabatur.
1224 2142 1263 2212 ln

148 2263 242 2334 terra
261 2262 328 2332 sut
353 2260 519 2340 recessit,
550 2277 631 2348 quae
660 2257 751 2328 nulli
775 2256 837 2327 alii
865 2256 994 2327 similis
1021 2256 1174 2338 ridetur,
1202 2255 1265 2328 sed

147 2379 225 2466 ejus
245 2376 362 2470 ipsius
382 2383 457 2456 est,
475 2374 620 2466 propria
635 2381 670 2445 et
684 2372 900 2463 singularis,
920 2390 1101 2462 quemque
1118 2372 1178 2443 ille
1193 2390 1267 2445 non

148 2492 276 2564 iisdem
305 2492 418 2564 oeulis
447 2489 593 2582 inspicit
620 2507 661 2560 ac
688 2488 792 2578 Belga
820 2494 881 2557 aut
908 2468 1051 2558 italicus
1079 2505 1194 2560 suam.
1219 2527 1268 2538 —-

69 2670 73 2678 .
149 2607 286 2680 indolis
307 2607 481 2686 sincerae,
503 2613 607 2678 rectae
633 2610 668 2676 et
694 2611 811 2686 certae,
830 2602 877 2674 ad
896 2601 933 2673 id
955 2600 1093 2674 tantum
1114 2602 1268 2676 attendit

149 2721 246 2811 guod
272 2720 369 2792 ridet
391 2726 454 2792 aut
483 2719 578 2800 lacit,
604 2717 649 2789 ad
676 2734 758 2789 oves
788 2734 887 2798 sues,
916 2716 961 2788 ad
987 2735 1139 2807 pesona,
1167 2735 1269 2788 cena-

152 2836 220 2917 les,
246 2836 438 2926 propinas,
470 2841 704 2907 mercatorum
729 2831 896 2924 collegia,
923 2831 1149 2924 indigentes,
1176 2850 1268 2905 sem·

151 2971 212 3044 per
234 2950 316 3023 roro
341 2951 465 3024 eonem
492 2951 681 3041 gravitate,
715 2948 929 3020 mirabiliter
955 2949 1027 3020 altt
1054 2955 1089 3021 ει
1113 2949 1265 3040 placide.

151 3064 214 3140 llic
230 3065 388 3138 sedatior
406 3072 460 3140 est
475 3066 635 3156 sanguis,
654 3065 822 3136 clariores
838 3063 945 3144 oculi,
966 3065 1046 3136 sine
1061 3064 1136 3135 ullt
1150 3064 1271 3139 tectio·

151 3165 207 3254 nis
232 3183 338 3267 cura,
365 3180 410 3254 ad
436 3180 699 3254 observandum
728 3188 763 3252 et
790 3179 1057 3261 meditandum,
1085 3179 1270 3252 ruminan-

152 3297 240 3370 tium
262 3315 377 3381 more,
404 3296 491 3387 apti.
521 3296 584 3367 llle
612 3303 667 3369 est
692 3313 797 3368 uerus
824 3294 982 3368 veritatis
1004 3313 1118 3376 amor,
1141 3294 1270 3370 italicae

151 3410 352 3502 disciplinae
370 3408 536 3484 absoluo
556 3411 770 3483 contrarius.

199 3525 302 3600 ltalia
327 3534 446 3599 umen
469 3543 584 3618 usque
610 3526 657 3598 ad
685 3525 864 3600 Batauam
888 3525 1157 3612 nutscelle,
1186 3531 1270 3598 ante

153 3641 343 3714 discidium
364 3643 441 3733 ejus
461 3641 630 3732 eBelgio,
651 3641 898 3720 auctoritatem
925 3659 1027 3714 suam
1052 3641 1201 3733 profert.
1223 3641 1271 3716 ll·

184 3886 217 3950 (l)
237 3885 351 3937 nubens
372 3887 540 3936 architectus
561 3890 612 3946 εει,
635 3887 773 3950 sculptor,
791 3887 913 3948 sculptor
936 3885 1034 3947 (tituli,
1053 3885 1187 3936 librorum
1214 3887 1274 3937 ins·

153 3967 314 4030 criptioneS,
324 3969 497 4031 graphidos),
513 3968 707 4018 nomismatum
721 3972 825 4016 amator
840 3968 992 4030 (συναγωγάς
1006 3967 1131 4030 colligit),
1147 3967 1274 4018 eruditus

152 4045 340 4106 (scientiarum
362 4059 526 4110 progressus
542 4047 687 4108 sequitur;
703 4045 737 4094 de
759 4046 943 4109 microscopio
963 4046 1174 4109 disquisitiones
1192 4047 1274 4096 insti-

154 4124 229 4187 tuit),
258 4126 397 4177 textilium
426 4121 663 4176 conficiendorum
692 4130 797 4187 rector,
823 4126 954 4176 feriarum
983 4126 1137 4176 ordinator.
1161 4126 1275 4190 Septem

154 4205 238 4256 variis
255 4207 430 4255 sermonibus
453 4205 543 4255 utitur
565 4205 697 4268 (belgico,
718 4205 819 4266 latino,
841 4205 948 4265 italico,
965 4206 1078 4268 gallico,
1104 4207 1274 4269 britannico,

154 4287 326 4348 germanico,
342 4287 500 4349 hispanico;
511 4313 540 4322 -
551 4287 674 4334 italicum
690 4285 751 4334 aliis
765 4287 895 4348 praefert).
909 4287 940 4334 In
956 4287 1073 4336 consilio
1084 4287 1192 4349 privato
1208 4303 1224 4335 a
1236 4301 1275 4336 ee·

155 4366 238 4414 eretis
253 4371 304 4425 est,
316 4371 343 4415 et
356 4365 456 4428 Eques.
470 4365 598 4416 Scholam
612 4379 789 4414 numerosam
801 4366 896 4428 dirigit
907 4367 1028 4429 (centum
1039 4367 1192 4430 discipulos
1203 4379 1276 4417 enno

157 4445 214 4496 loll
231 4447 338 4510 rejicit).
351 4447 471 4510 Legatus
487 4447 606 4496 mittitur
620 4445 692 4508 (1628
707 4445 743 4494 ad
757 4447 847 4494 sulem
863 4446 984 4510 Philippi
999 4447 1047 4507 IV,
1064 4446 1125 4498 1629
1144 4447 1178 4496 ad
1195 4445 1277 4497 Cero-

154 4523 261 4589 iuml),
276 4553 305 4564 -
319 4539 355 4576 ne
369 4526 528 4578 innumerus
541 4526 673 4590 epistolas
689 4539 847 4590 memorem,
863 4527 1030 4591 voluptates,
1047 4527 1162 4590 itinera,
1178 4531 1230 4579 ete.
