3160 5152
698 473 703 482 ,
769 405 949 470 -tro-

165 535 167 540 ’
305 567 387 640 gas,
415 546 528 620 ltaliae
554 545 780 626 amicissimi,
810 554 917 620 -et
943 545 1184 637 ipsetandem
1212 546 1422 621 rrancisrus
1552 522 1556 575 ³

308 664 465 738 Pacheco
485 681 654 755 generum
680 663 787 735 habet
808 662 1000 754 Rodrtgum
1020 664 1229 754 Veiosquea.
1553 650 1557 659 ’

358 780 544 866 Quomodo
574 797 616 850 err
646 775 765 850 italica
793 779 992 850 imitatione
1022 779 1067 850 ad
1100 779 1259 851 vividum
1288 778 1424 871 ingenii

309 896 365 968 sui
394 911 541 966 sensum
568 893 740 984 Hispania
766 890 917 985 abrupte
942 896 1147 986 transierit,
1172 896 1209 967 16
1236 895 1366 968 iliberi
1390 901 1426 966 et

309 1013 460 1084 Herrera
487 1009 720 1100 quarendum
748 1017 885 1081 661-
912 1010 1041 1081 1116666
1072 1007 1327 1103 (1588-1656),
1357 1009 1425 1082 6161

271 1207 275 1215 ,
307 1123 399 1217 aegre
416 1134 452 1198 et
471 1127 575 1217 quasi
595 1125 778 1216 impendio
797 1127 878 1198 vilae
895 1125 961 1198 iter
976 1126 1012 1196 iu
1035 1127 1171 1197 ltaliam
1191 1125 1374 1216 perfecerit
1391 1133 1427 1198 el

308 1241 383 1314 illic
402 1241 507 1313 etiarn
532 1241 735 1332 Cararaggil
759 1241 1004 1312 auctoritatem
1034 1243 1185 1332 graviter
1206 1260 1335 1331 passus
1355 1241 1423 1321 sit,

309 1365 465 1430 mentem
495 1356 643 1430 omuino
677 1357 854 1428 diversam
887 1358 924 1427 16
956 1357 1127 1446 operibus
1160 1356 1236 1428 suis
1267 1357 1424 1429 exhibet.

310 1473 430 1544 Primo
452 1471 623 1563 adspectu
644 1473 808 1564 quaedam
827 1473 922 1544 inest
941 1473 1032 1545 iuter
1047 1473 1127 1543 illos
1144 1491 1185 1543 er
1208 1473 1429 1545 6616611661

310 1588 480 1662 sordibus
498 1588 719 1673 similitud03
739 1589 802 1660 sed
817 1589 1019 1678 Cararaggii
1036 1568 1191 1678 impetus
1207 1586 1427 1660 intellectum
1519 1577 1529 1590 ’
1572 1637 1574 1649 .

311 1703 471 1785 redolet;
490 1704 631 1788 optione
650 1703 729 1794 ipsa
748 1711 1008 1785 commercium
1030 1703 1193 1775 {liberam
1216 1710 1333 1774 autem
1356 1721 1431 1788 cor·

311 1838 419 1911 poree
446 1820 516 1890 vita
539 1816 677 1890 tanturn
706 1819 854 1892 detinet.
878 1818 1004 1890 Carnis
1025 1819 1199 1898 irrrslum,
1229 1837 1289 1910 pes
1314 1818 1430 1890 deiur-

312 1944 448 2018 matus,
473 1942 594 2007 venter
612 1934 815 2014 dehiscens,
835 1935 964 2006 vulnus
981 1941 1181 2016 cruentum,
1205 1935 1431 2025 6666666116-

313 2052 448 2124 tionem
462 2051 540 2141 ejus
553 2049 769 2128 terminant:
785 2048 829 2119 ad
844 2049 919 2122 haec
931 2047 1071 2120 lurente
1082 2067 1202 2120 amore
1217 2049 1429 2140 impellitur,

313 2165 458 2237 tortoris
496 2172 558 2236 aut
592 2164 755 2236 excordis
795 2182 915 2244 more-;
954 2163 1198 2253 quodquidam
1231 2164 1277 2235 ab
1310 2163 1434 2236 indole

314 2280 451 2371 gentis,
474 2297 724 2371 corporearum
750 2297 868 2350 rerum
889 2279 994 2350 unice
1013 2279 1197 2361 studiosae,
1217 2278 1363 2370 pendet.
1385 2317 1431 2332 -·-
1506 2313 1511 2322 ·

316 2394 446 2468 Eadem
487 2395 566 2466 dira
603 2402 638 2468 et
675 2395 846 2467 effrenata
884 2394 996 2466 lilrido
1035 2396 1260 2467 in'Herrera
1298 2395 1434 2466 seniori

315 2503 359 2601 (†
382 2507 487 2604 1651)
509 2510 665 2593 eminet,
688 2510 752 2600 qui
772 2505 923 2580 ierociirs
943 2509 1050 2582 etiam
1072 2507 1230 2581 italicum
1251 2509 1434 2580 vinculum

316 2625 464 2715 rumpit.

366 2740 452 2812 Post
479 2740 571 2811 duos
597 2739 680 2812 illos
704 2740 884 2812 terribiles
908 2739 1022 2823 viros,
1050 2739 1112 2829 qui
1137 2735 1262 2830 parium
1292 2740 1436 2812 6666616

318 2861 353 2927 61
372 2853 541 2945 tauqu'am
560 2856 764 2947 praenuntia
785 2863 903 2928 mente
923 2856 1085 2926 innatum
1112 2855 1228 2945 gentis
1249 2855 1358 2927 robur
1376 2873 1436 2926 er-

319 2971 493 3061 primunt,
517 2980 692 3062 apparent
711 2972 781 3043 duo
802 2971 967 3043 absoluta
985 2971 1142 3061 ingenia,
1161 2970 1198 3040 in
1221 2970 1355 3059 quibus
1379 2970 1438 3044 do·

320 3093 373 3158 tes
390 3105 516 3160 omues
530 3105 634 3188 aequo
646 3094 924 3177 temperamento
936 3086 1122 3167 librantur,
1136 3093 1236 3158 uturs
1249 3086 1438 3177 hispanica

320 3201 364 3272 ad
400 3201 525 3274 lurteur
554 3211 589 3274 61
622 3203 798 3294 placidam
833 3203 1085 3294 perlectionem
1112 3203 1285 3293 pervenit.
1321 3203 1437 3275 Ambo

322 3333 378 3386 res
407 3313 539 3388 direcl'e
571 3315 814 3390 6166161666
850 3319 980 3418 661666
1012 3317 1203 3408 depingere
1236 3323 1436 3407 cmperuut.

322 3429 550 3501 Zurlraranus
577 3429 812 3527 (15981665)
835 3432 933 3503 omui
955 3431 1076 3522 regula
1095 3440 1129 3503 et
1155 3432 1309 3503 scholari
1333 3431 1440 3504 disci·

323 3543 425 3633 61166
445 3544 621 3628 abstinet;
644 3548 780 3618 colores
799 3555 834 3620 et
854 3547 985 3618 lormas
1001 3546 1166 3618 observat
1182 3555 1216 3619 61
1236 3547 1340 3638 quasi
1360 3547 1441 3618 reli·

324 3645 424 3749 giosir
440 3659 570 3741 reddit,
591 3661 744 3752 idedquo
763 3663 856 3734 inter
871 3661 1050 3754 Hispanos
1069 3662 1226 3752 optimus
1242 3661 1456 3758 demortuae-

326 3781 464 3848 naturae
490 3777 603 3866 pictur
627 3776 820 3866 iudicatur.
852 3775 1032 3849 Posterius
1059 3785 1177 3849 autern
1210 3775 1244 3870 (a
1272 3780 1365 3848 lead
1395 3775 1441 3848 ed

323 3887 433 3982 ’1615)
457 3909 476 3961 6
498 3892 684 3962 666661116
713 3881 851 3964 iliberto
877 3891 1010 3964 tubulis
1037 3911 1146 3964 noras
1172 3893 1259 3964 artis
1283 3893 1441 3964 rationes

325 4003 457 4088 haurit,
481 4023 547 4078 neo
571 4015 689 4078 tamen
713 4007 894 4098 proprium
916 4007 1099 4098 ingenium
1121 4025 1224 4078 suum
1253 4007 1437 4097 depravat.

374 4103 570 4210 velasquez'
592 4119 825 4216 (16661666)
850 4123 919 4210 sunt
940 4123 1186 4214 urserpuuam,
1208 4122 1253 4193 au
1273 4123 1441 4212 srmtruu·
1505 4136 1509 4141 ·

326 4234 447 4306 dinem
467 4237 683 4309 Reurbroudi
701 4237 816 4328 lingit.
839 4235 995 4312 Primum
1013 4239 1168 4329 picturas
1184 4238 1258 4310 edit
1272 4238 1444 4327 tranquil·

329 4351 402 4433 las,
427 4370 581 4438 severas
604 4361 729 4438 certas,
751 4353 953 4446 frigidiores
973 4351 1061 4426 iortd
1079 4362 1114 4426 61
1132 4350 1329 4426 secuudum
1347 4353 1445 4424 bata·

327 4484 410 4542 rum
435 4485 591 4552 morem,
615 4468 678 4546 sed
698 4488 740 4548 ex
762 4472 908 4548 ueritate
934 4471 1152 4555 turmarum,
1181 4467 1380 4562 praesertim
1401 4485 1445 4546 et
