3176 5152
602 1212 746 1284 CAPUT
774 1213 818 1285 ll.

185 1491 299 1548 aurun
324 1470 418 1545 xvrml
445 1491 569 1549 sarcum
601 1491 636 1544 ur
664 1487 845 1544 nurrrusru
870 1489 995 1546 meris
1021 1489 1226 1548 cursurus

619 1604 785 1660 recursss.

196 1843 304 1916 lstius
329 1845 459 1916 artium
480 1843 727 1914 inclinationis
745 1843 923 1934 praecipua
950 1851 1131 1916 causaest
1153 1845 1267 1918 nimia

5 2005 6 2008 κ
145 1961 263 2032 aetatis
285 1960 475 2050 praeterite
492 1959 704 2040 auctoritem
728 1959 973 2049 quapridem
994 1941 1163 2032 omnibus
1184 1979 1267 2052 gen·

147 2075 247 2148 tibus
264 2075 415 2148 excultis
431 2075 633 2146 communis
651 2083 717 2154 est,
736 2075 799 2146 sed
816 2076 888 2165 qut
901 2075 1002 2146 ltalia
1016 2071 1126 2146 lllllmi
1145 2077 1266 2149 saeculi

148 2190 380 2282 singulariter
410 2189 596 2270 laborauit.
627 2190 750 2261 Gravis
777 2187 863 2262 sane
894 2189 1016 2262 lrererli
1043 2198 1116 2272 est,
1145 2211 1268 2282 quma

147 2304 340 2377 ditioribus
360 2314 422 2377 aut
448 2302 788 2396 intelligentioribus
812 2305 1022 2394 parentibus
1043 2307 1139 2378 veuit
1164 2307 1266 2380 herc·

146 2419 261 2502 ditas;
289 2418 418 2513 nempe
448 2422 627 2512 propriam
657 2421 693 2491 in
724 2420 785 2491 lllo
811 2422 1026 2492 voluntalem
1056 2422 1264 2513 exstinguit.

5 2555 7 2628 ᾗ
146 2536 240 2620 Quid
260 2544 352 2628 agat,
375 2537 438 2627 qui
459 2533 559 2628 prlirs
577 2535 728 2608 lruclum
747 2533 931 2625 possidet?
946 2535 1037 2607 Raro
1055 2536 1267 2632 intelligitur

145 2668 263 2721 reram
284 2651 435 2722 actionis
457 2651 644 2722 utilitatem
671 2650 709 2720 in
730 2649 809 2741 ipsa
827 2649 967 2721 actione
984 2651 1114 2741 jacere.
1139 2652 1265 2725 Exitus
1367 2665 1373 2673 '

146 2765 257 2846 enirn,
282 2767 349 2838 etsi
374 2767 549 2864 perlaetus
569 2764 730 2838 videatur
756 2773 791 2837 et
821 2765 994 2855 pertinaci
1017 2767 1100 2838 nisu
1125 2775 1263 2856 pertus,

145 2897 289 2971 semper
322 2880 469 2952 artificis
507 2880 679 2952 voluntati
713 2879 829 2970 impar
861 2887 1039 2961 remanet,
1069 2880 1297 2952 dummodo.

144 2993 291 3084 grandis
312 3001 426 3068 exstet
451 2995 590 3067 artilex.
622 2995 823 3066 Periculosa
847 3002 901 3066 est
930 2994 1048 3086 operis
1075 2995 1265 3067 admiratio
1348 2986 1352 2990 ’

144 3106 252 3180 eliam
272 3110 391 3201 opilici
409 3111 471 3200 qul
491 3110 581 3182 illud
599 3110 734 3193 edictu
758 3109 894 3200 quanto
912 3111 1024 3201 magis
1043 3119 1161 3182 autem
1179 3129 1264 3202 pos-

144 3223 245 3306 teris,
268 3225 330 3316 qui
351 3244 441 3316 opus
470 3226 682 3306 conlectum,
715 3234 886 3315 tanquam
914 3225 1117 3298 absolutum
1147 3243 1264 3298 exem·

144 3339 237 3430 plur,
259 3341 495 3431 exceperunt!
517 3342 714 3414 Contentus
734 3347 782 3422 ct,
803 3349 843 3412 ut
867 3339 915 3413 ila
940 3341 1074 3424 dicam,
1101 3343 1264 3432 expletus

142 3453 288 3527 animus
309 3453 433 3545 parum
455 3456 500 3528 ad
521 3455 720 3547 augendam
741 3463 852 3527 artem
873 3462 978 3546 aptus
998 3463 1064 3528 est.

195 3571 331 3641 Sensus
350 3577 468 3642 autem
487 3561 704 3660 'expletionis
724 3571 854 3642 inerte
874 3567 983 3641 llVlnl
1003 3579 1036 3643 el
1055 3568 1182 3643 xpp-n
1198 3591 1263 3644 sae·

144 3683 305 3755 culorum
325 3681 490 3756 uniuers'e
509 3684 728 3756 dominetur.
751 3684 802 3755 lhl
824 3685 946 3755 omnia
965 3685 1010 3756 etl
1031 3685 1263 3776 lrangendam

143 3799 362 3870 voluntatem
381 3799 603 3889 conspirant.
622 3801 663 3872 et
679 3807 797 3871 mente
815 3807 853 3870 ut
872 3807 990 3891 pateat
1011 3800 1261 3891 perlectionem

139 3913 215 4002 jam
233 3911 333 4004 prilrs
353 3913 578 4004 adaquatum
600 3933 679 3986 esse
707 3921 741 3986 et
768 3915 821 3985 illi
853 3914 960 3986 modo
985 3914 1260 4008 indulgendum.

142 4027 370 4102 Conveniunt
389 4031 512 4101 omnia
530 4030 574 4102 etl
594 4030 821 4102 mulcendum
847 4031 1007 4103 lunatam
1036 4033 1134 4103 omni
1164 4033 1263 4124 inge·

142 4143 218 4226 nio,
242 4145 439 4234 praesertim
461 4144 593 4224 italico,
616 4145 819 4236 segnitiem,
842 4146 886 4217 ad
915 4146 1136 4218 hebetantes
1156 4148 1260 4237 juve-

141 4276 228 4329 num
250 4261 405 4342 animos,
427 4260 559 4350 quihus
580 4260 751 4351 perpetuo
772 4261 953 4333 dictitatur
972 4263 1137 4334 inutilem
1159 4269 1193 4334 et
1208 4263 1263 4335 irr-

140 4375 393 4466 tempestivum
427 4393 506 4446 esse
543 4384 734 4459 conatum,-
770 4415 815 4427 -
850 4374 953 4463 dum,
988 4380 1128 4466 revere,
1162 4379 1263 4452 nullo

141 4508 303 4581 uuquam
322 4497 481 4582 tempore
500 4492 612 4583 magis
627 4492 869 4564 necessarium
887 4487 956 4563 luit
969 4493 1012 4566 all
1028 4495 1163 4584 majora
1178 4493 1259 4568 niti.
