3160 5152
768 1275 912 1348 CAPUT
948 1277 990 1349 V.

431 1605 478 1660 DE
503 1605 632 1660 burlun
657 1606 917 1671 RENOVATIONE,
944 1609 966 1661 Δ
988 1609 1157 1662 cenaculis
1181 1608 1337 1662 incubuit.

376 1928 543 2001 Prorecto
564 1930 638 2019 jam
665 1928 757 2000 llVl⁰
777 1929 929 2011 saeculo,
951 1928 1149 2001 italicarum
1174 1929 1306 2001 artium
1329 1929 1441 2001 ruinae

328 2041 468 2114 obstitit
495 2043 644 2134 exiguus
671 2043 847 2115 artificum
874 2044 1045 2128 circuluS,
1076 2043 1138 2133 qui
1162 2043 1262 2114 brevi
1284 2050 1441 2135 tempore

328 2157 527 2248 praecipuas
557 2159 644 2230 artis
673 2160 765 2232 vires
798 2159 963 2251 amplecti
996 2159 1124 2240 valuit,
1156 2157 1206 2230 ita
1237 2166 1276 2231 ut
1304 2158 1440 2231 renasci

329 2272 595 2362 quodammodo
610 2275 686 2348 visa
705 2277 753 2348 sit
771 2277 922 2366 pictura.
942 2275 1035 2362 Quid
1055 2275 1099 2347 de
1117 2276 1185 2346 boc
1202 2275 1344 2366 incepto
1362 2292 1441 2346 cen·
1520 2332 1527 2346 .

328 2388 480 2461 sendum
501 2390 566 2475 sit,
589 2398 623 2463 et
642 2393 714 2483 qua
732 2391 870 2463 ratione
889 2392 925 2462 iu
948 2410 1074 2463 vanarn
1096 2392 1250 2484 speciem
1269 2391 1437 2470 evaserit,

327 2502 469 2596 longibs
491 2506 780 2598 explanabimus.

377 2620 667 2694 Bononiensibus
687 2621 724 2693 id
744 2622 862 2695 decori
883 2629 937 2695 est
957 2623 1054 2712 quod
1077 2619 1161 2695 aute
1178 2639 1305 2694 ornnes
1322 2617 1441 2694 contr'a

329 2734 461 2807 nimios
479 2736 756 2827 intelligentium
773 2756 910 2810 errores
930 2745 965 2809 et
983 2737 1159 2810 artificum
1181 2737 1368 2810 mendacia
1384 2753 1437 2807 re-

328 2849 509 2922 bellarunt
526 2875 535 2921 :
558 2869 640 2941 quae
659 2859 778 2942 partes
793 2852 932 2925 sincero
949 2860 983 2926 et
997 2853 1149 2925 honesto
1164 2853 1281 2944 gantis
1300 2850 1440 2942 ingenio

224 3041 225 3044 ,
330 2961 464 3056 optime
492 2966 766 3040 conveniebant.
797 2968 867 3040 Sed
897 2967 1105 3052 infeliciter,
1140 2964 1440 3059 quemadmodum

331 3079 489 3153 firmiore
505 3081 654 3172 judicio,
672 3082 890 3173 sapientiore
909 3089 944 3156 et
964 3082 1180 3156 modestiore
1199 3081 1342 3174 praediti
1362 3085 1441 3154 sunt

331 3193 439 3284 quam
461 3185 715 3269 caeteriltaliae
738 3197 885 3281 incolae,
908 3197 960 3269 sic
981 3198 1119 3288 poetico
1138 3196 1260 3272 afflatu
1280 3206 1316 3270 et
1334 3195 1442 3269 animi

330 3310 467 3402 impetu
486 3309 641 3385 marinae
659 3320 792 3385 carent.
815 3315 921 3386 Omni
941 3321 1100 3404 tempore
1120 3315 1327 3404 gravitatem
1347 3314 1441 3385 illam

332 3426 449 3517 cordis
469 3427 665 3501 exhibuere
685 3429 756 3519 qua
775 3428 880 3520 primi
905 3429 1027 3501 liberae
1046 3429 1272 3520 cogitationis
1292 3429 1443 3501 lautores

218 3639 219 3642 ,
333 3541 443 3614 simul
465 3550 500 3616 et
519 3544 636 3617 ultimi
660 3543 863 3636 byzantinae
891 3543 973 3616 fidel
997 3544 1204 3617 defensores
1229 3540 1276 3638 (t)
1300 3544 1441 3616 exstite-

333 3665 430 3731 runt.
464 3661 672 3750 temperata
700 3660 906 3739 voluntate,
944 3657 1047 3730 tirmo
1079 3666 1113 3731 et
1142 3657 1283 3750 placido
1315 3675 1442 3736 sensu,

334 3771 454 3866 potiris
475 3773 582 3865 qubus
603 3776 724 3847 aninro
744 3774 789 3846 ad
808 3774 944 3865 poesim
966 3793 1100 3866 prono,
1121 3773 1214 3847 fiunt
1233 3772 1362 3865 optimi
1382 3773 1443 3843 Bo·
1495 3841 1497 3848 ,

335 3890 456 3962 noniae
476 3889 643 3963 artifices.
667 3890 734 3976 Qui
755 3907 796 3961 er
826 3889 899 3961 illis
927 3889 1088 3962 divinum
1114 3889 1325 3961 instinctum
1349 3889 1446 3961 rebe·

337 4003 561 4078 mestissime
591 4013 757 4097 expertus
786 4013 860 4088 est,
892 4006 1062 4088 Francia,
1092 4006 1130 4076 in
1158 4004 1231 4076 rita
1260 4005 1327 4076 sua
1354 4002 1448 4075 nullt

337 4122 534 4213 impotente
561 4109 594 4192 ri
622 4120 799 4212 dirigitur.
833 4119 999 4192 Aurificis
1027 4138 1160 4192 munus
1190 4138 1336 4212 gerens,
1368 4117 1449 4191 deli-

370 4393 404 4456 (1)
416 4392 488 4443 Vide
504 4391 566 4442 XV⁰
581 4392 699 4456 saeculo,
714 4392 843 4456 Lippium
858 4358 1042 4455 llalmasium,
1057 4392 1157 4443 Vitulis
1172 4392 1354 4456 discipulum,
1371 4394 1398 4441 et
1409 4403 1450 4439 as-

340 4472 455 4524 ceticam
473 4473 532 4535 ejus
547 4471 731 4535 disciplinam.
