<?xml version="1.0" encoding="UTF-8"?>
<!DOCTYPE html PUBLIC "-//W3C//DTD XHTML 1.0 Transitional//EN"
    "http://www.w3.org/TR/xhtml1/DTD/xhtml1-transitional.dtd">
<html xmlns="http://www.w3.org/1999/xhtml" xml:lang="en" lang="en">
 <head>
  <title>
</title>
<meta http-equiv="Content-Type" content="text/html;charset=utf-8" />
  <meta name='ocr-system' content='tesseract 3.04.00' />
  <meta name='ocr-capabilities' content='ocr_page ocr_carea ocr_par ocr_line ocrx_word'/>
</head>
<body>
  <div class='ocr_page' id='page_1' title='image "./curarspicturaea01rollgoog_0120.png"; bbox 0 0 3160 5152; ppageno 0'>
   <div class='ocr_carea' id='block_1_1' title="bbox 761 396 941 458">
    <p class='ocr_par' dir='ltr' id='par_1_1' title="bbox 761 396 941 458">
     <span class='ocr_line' id='line_1_1' title="bbox 761 396 941 458; baseline -0.011 0"><span class='ocrx_word' id='word_1_1' title='bbox 761 396 941 458; x_wconf 82' lang='lat' dir='ltr'>-ttl-</span> 
     </span>
    </p>
   </div>
   <div class='ocr_carea' id='block_1_2' title="bbox 290 530 1515 2580">
    <p class='ocr_par' dir='ltr' id='par_1_2' title="bbox 290 530 1515 2473">
     <span class='ocr_line' id='line_1_2' title="bbox 290 530 1408 625; baseline 0.001 -21"><span class='ocrx_word' id='word_1_2' title='bbox 290 532 422 606; x_wconf 86' lang='lat' dir='ltr'>amittit</span> <span class='ocrx_word' id='word_1_3' title='bbox 440 533 625 625; x_wconf 91' lang='lat' dir='ltr'>proprium</span> <span class='ocrx_word' id='word_1_4' title='bbox 641 551 788 606; x_wconf 88' lang='lat' dir='ltr'>sensum</span> <span class='ocrx_word' id='word_1_5' title='bbox 806 552 926 616; x_wconf 91' lang='lat' dir='ltr'>suum,</span> <span class='ocrx_word' id='word_1_6' title='bbox 944 531 1008 605; x_wconf 91' lang='lat' dir='ltr'>sed</span> <span class='ocrx_word' id='word_1_7' title='bbox 1024 530 1148 604; x_wconf 71' lang='lat' dir='ltr'>contra</span> <span class='ocrx_word' id='word_1_8' title='bbox 1162 532 1208 604; x_wconf 89' lang='lat' dir='ltr'>ad</span> <span class='ocrx_word' id='word_1_9' title='bbox 1228 533 1408 624; x_wconf 81' lang='lat' dir='ltr'>agendum</span> 
     </span>
     <span class='ocr_line' id='line_1_3' title="bbox 291 648 1410 740; baseline 0 -20"><span class='ocrx_word' id='word_1_10' title='bbox 291 648 389 720; x_wconf 84' lang='lat' dir='ltr'>tantb</span> <span class='ocrx_word' id='word_1_11' title='bbox 422 649 535 740; x_wconf 79' lang='lat' dir='ltr'>magis</span> <span class='ocrx_word' id='word_1_12' title='bbox 563 649 774 721; x_wconf 87' lang='lat' dir='ltr'>concitatur.</span> <span class='ocrx_word' id='word_1_13' title='bbox 805 649 1006 740; x_wconf 82' lang='lat' dir='ltr'>Singularis</span> <span class='ocrx_word' id='word_1_14' title='bbox 1039 649 1135 720; x_wconf 88' lang='lat' dir='ltr'>enim</span> <span class='ocrx_word' id='word_1_15' title='bbox 1167 648 1230 720; x_wconf 87' lang='lat' dir='ltr'>illa</span> <span class='ocrx_word' id='word_1_16' title='bbox 1261 648 1410 720; x_wconf 87' lang='lat' dir='ltr'>libertas</span> 
     </span>
     <span class='ocr_line' id='line_1_4' title="bbox 292 762 1412 855; baseline -0.001 -19"><span class='ocrx_word' id='word_1_17' title='bbox 292 764 463 854; x_wconf 73' lang='lat' dir='ltr'>pertinaci</span> <span class='ocrx_word' id='word_1_18' title='bbox 489 765 610 838; x_wconf 87' lang='lat' dir='ltr'>labore</span> <span class='ocrx_word' id='word_1_19' title='bbox 628 764 766 837; x_wconf 88' lang='lat' dir='ltr'>alitur:</span> <span class='ocrx_word' id='word_1_20' title='bbox 796 783 912 855; x_wconf 82' lang='lat' dir='ltr'>usque</span> <span class='ocrx_word' id='word_1_21' title='bbox 938 762 1083 838; x_wconf 88' lang='lat' dir='ltr'>advitae</span> <span class='ocrx_word' id='word_1_22' title='bbox 1102 763 1231 850; x_wconf 91' lang='lat' dir='ltr'>linem,</span> <span class='ocrx_word' id='word_1_23' title='bbox 1262 771 1298 837; x_wconf 90' lang='lat' dir='ltr'>et</span> <span class='ocrx_word' id='word_1_24' title='bbox 1325 767 1412 836; x_wconf 84' lang='lat' dir='ltr'>cura</span> 
     </span>
     <span class='ocr_line' id='line_1_5' title="bbox 292 875 1412 970; baseline 0 -21"><span class='ocrx_word' id='word_1_25' title='bbox 292 898 433 970; x_wconf 82' lang='lat' dir='ltr'>semper</span> <span class='ocrx_word' id='word_1_26' title='bbox 453 880 561 962; x_wconf 78' lang='lat' dir='ltr'>nova,</span> <span class='ocrx_word' id='word_1_27' title='bbox 589 879 839 952; x_wconf 87' lang='lat' dir='ltr'>Rembraudus</span> <span class='ocrx_word' id='word_1_28' title='bbox 866 879 1031 952; x_wconf 89' lang='lat' dir='ltr'>observat</span> <span class='ocrx_word' id='word_1_29' title='bbox 1053 898 1093 951; x_wconf 92' lang='lat' dir='ltr'>ac</span> <span class='ocrx_word' id='word_1_30' title='bbox 1115 877 1284 952; x_wconf 88' lang='lat' dir='ltr'>delineat.</span> <span class='ocrx_word' id='word_1_31' title='bbox 1308 875 1412 964; x_wconf 87' lang='lat' dir='ltr'>Quod</span> 
     </span>
     <span class='ocr_line' id='line_1_6' title="bbox 292 980 1409 1085; baseline -0.002 -19"><span class='ocrx_word' id='word_1_32' title='bbox 292 980 438 1085; x_wconf 82' lang='lat' dir='ltr'>quidem</span> <span class='ocrx_word' id='word_1_33' title='bbox 465 994 686 1068; x_wconf 89' lang='lat' dir='ltr'>indelessum</span> <span class='ocrx_word' id='word_1_34' title='bbox 710 994 870 1067; x_wconf 87' lang='lat' dir='ltr'>studium</span> <span class='ocrx_word' id='word_1_35' title='bbox 902 994 1090 1085; x_wconf 89' lang='lat' dir='ltr'>discipulis</span> <span class='ocrx_word' id='word_1_36' title='bbox 1123 994 1201 1066; x_wconf 91' lang='lat' dir='ltr'>suis</span> <span class='ocrx_word' id='word_1_37' title='bbox 1230 990 1409 1085; x_wconf 80' lang='lat' dir='ltr'>praecipue</span> 
     </span>
     <span class='ocr_line' id='line_1_7' title="bbox 291 1108 1411 1192; baseline 0.002 -14"><span class='ocrx_word' id='word_1_38' title='bbox 291 1109 437 1192; x_wconf 76' lang='lat' dir='ltr'>incutit,</span> <span class='ocrx_word' id='word_1_39' title='bbox 467 1114 623 1182; x_wconf 90' lang='lat' dir='ltr'>semotos</span> <span class='ocrx_word' id='word_1_40' title='bbox 660 1109 742 1182; x_wconf 91' lang='lat' dir='ltr'>illos</span> <span class='ocrx_word' id='word_1_41' title='bbox 770 1115 805 1180; x_wconf 85' lang='lat' dir='ltr'>et</span> <span class='ocrx_word' id='word_1_42' title='bbox 832 1110 869 1180; x_wconf 97' lang='lat' dir='ltr'>in</span> <span class='ocrx_word' id='word_1_43' title='bbox 903 1110 1036 1182; x_wconf 86' lang='lat' dir='ltr'>scholae</span> <span class='ocrx_word' id='word_1_44' title='bbox 1064 1108 1411 1182; x_wconf 81' lang='lat' dir='ltr'>Amstelodamensis</span> 
     </span>
     <span class='ocr_line' id='line_1_8' title="bbox 292 1213 1411 1315; baseline 0 -19"><span class='ocrx_word' id='word_1_45' title='bbox 292 1224 421 1296; x_wconf 83' lang='lat' dir='ltr'>cellule</span> <span class='ocrx_word' id='word_1_46' title='bbox 438 1224 611 1305; x_wconf 91' lang='lat' dir='ltr'>inclusos,</span> <span class='ocrx_word' id='word_1_47' title='bbox 632 1224 678 1296; x_wconf 90' lang='lat' dir='ltr'>ad</span> <span class='ocrx_word' id='word_1_48' title='bbox 698 1223 960 1315; x_wconf 82' lang='lat' dir='ltr'>inspiciendam</span> <span class='ocrx_word' id='word_1_49' title='bbox 981 1213 1018 1298; x_wconf 83' lang='lat' dir='ltr'>et</span> <span class='ocrx_word' id='word_1_50' title='bbox 1034 1223 1284 1298; x_wconf 83' lang='lat' dir='ltr'>excutiendam</span> <span class='ocrx_word' id='word_1_51' title='bbox 1306 1231 1411 1309; x_wconf 86' lang='lat' dir='ltr'>netu·</span> 
     </span>
     <span class='ocr_line' id='line_1_9' title="bbox 292 1335 1515 1435; baseline 0.001 -25"><span class='ocrx_word' id='word_1_52' title='bbox 292 1358 368 1410; x_wconf 87' lang='lat' dir='ltr'>ram</span> <span class='ocrx_word' id='word_1_53' title='bbox 397 1358 526 1431; x_wconf 79' lang='lat' dir='ltr'>cogens</span> <span class='ocrx_word' id='word_1_54' title='bbox 559 1338 624 1435; x_wconf 86' lang='grc'>(1).</span> <span class='ocrx_word' id='word_1_55' title='bbox 659 1335 903 1435; x_wconf 80' lang='lat' dir='ltr'>(floubraken)</span> <span class='ocrx_word' id='word_1_56' title='bbox 935 1341 1195 1427; x_wconf 84' lang='lat' dir='ltr'>Quamobrem,</span> <span class='ocrx_word' id='word_1_57' title='bbox 1230 1339 1315 1412; x_wconf 91' lang='lat' dir='ltr'>dum</span> <span class='ocrx_word' id='word_1_58' title='bbox 1343 1341 1412 1412; x_wconf 86' lang='lat' dir='ltr'>lia-</span> <span class='ocrx_word' id='word_1_59' title='bbox 1511 1336 1515 1344; x_wconf 85' lang='lat'>&#39;</span> 
     </span>
     <span class='ocr_line' id='line_1_10' title="bbox 294 1454 1412 1547; baseline 0.002 -22"><span class='ocrx_word' id='word_1_60' title='bbox 294 1454 432 1546; x_wconf 89' lang='lat' dir='ltr'>phaelis</span> <span class='ocrx_word' id='word_1_61' title='bbox 451 1464 512 1527; x_wconf 91' lang='lat' dir='ltr'>aut</span> <span class='ocrx_word' id='word_1_62' title='bbox 532 1456 777 1547; x_wconf 80' lang='lat' dir='ltr'>Michelangeli</span> <span class='ocrx_word' id='word_1_63' title='bbox 799 1456 904 1528; x_wconf 85' lang='lat' dir='ltr'>lectio</span> <span class='ocrx_word' id='word_1_64' title='bbox 928 1456 1052 1528; x_wconf 74' lang='lat' dir='ltr'>stricta</span> <span class='ocrx_word' id='word_1_65' title='bbox 1070 1457 1282 1547; x_wconf 81' lang='lat' dir='ltr'>cognatione</span> <span class='ocrx_word' id='word_1_66' title='bbox 1309 1455 1412 1528; x_wconf 87' lang='lat' dir='ltr'>colli·</span> 
     </span>
     <span class='ocr_line' id='line_1_11' title="bbox 293 1569 1413 1662; baseline 0.001 -22"><span class='ocrx_word' id='word_1_67' title='bbox 293 1577 407 1661; x_wconf 81' lang='lat' dir='ltr'>getur,</span> <span class='ocrx_word' id='word_1_68' title='bbox 432 1569 650 1641; x_wconf 87' lang='lat' dir='ltr'>Rembrandi</span> <span class='ocrx_word' id='word_1_69' title='bbox 670 1569 838 1659; x_wconf 89' lang='lat' dir='ltr'>discipuli</span> <span class='ocrx_word' id='word_1_70' title='bbox 865 1589 990 1643; x_wconf 89' lang='lat' dir='ltr'>omnes</span> <span class='ocrx_word' id='word_1_71' title='bbox 1017 1591 1039 1642; x_wconf 90' lang='lat' dir='ltr'>a</span> <span class='ocrx_word' id='word_1_72' title='bbox 1066 1572 1235 1662; x_wconf 84' lang='lat' dir='ltr'>magistro</span> <span class='ocrx_word' id='word_1_73' title='bbox 1262 1579 1296 1645; x_wconf 89' lang='grc'>61</span> <span class='ocrx_word' id='word_1_74' title='bbox 1318 1571 1413 1643; x_wconf 87' lang='lat' dir='ltr'>inter</span> 
     </span>
     <span class='ocr_line' id='line_1_12' title="bbox 293 1683 1409 1779; baseline 0.002 -23"><span class='ocrx_word' id='word_1_75' title='bbox 293 1703 332 1758; x_wconf 91' lang='lat' dir='ltr'>se</span> <span class='ocrx_word' id='word_1_76' title='bbox 346 1685 517 1758; x_wconf 87' lang='lat' dir='ltr'>dilierunt</span> <span class='ocrx_word' id='word_1_77' title='bbox 536 1683 624 1779; x_wconf 87' lang='lat' dir='ltr'>(Boi,</span> <span class='ocrx_word' id='word_1_78' title='bbox 644 1686 753 1767; x_wconf 82' lang='lat' dir='ltr'>Meas,</span> <span class='ocrx_word' id='word_1_79' title='bbox 773 1688 858 1768; x_wconf 83' lang='lat' dir='ltr'>lior,</span> <span class='ocrx_word' id='word_1_80' title='bbox 879 1686 1017 1769; x_wconf 86' lang='lat' dir='ltr'>Fliuck,</span> <span class='ocrx_word' id='word_1_81' title='bbox 1036 1687 1234 1770; x_wconf 83' lang='lat' dir='ltr'>Fabricius,</span> <span class='ocrx_word' id='word_1_82' title='bbox 1252 1687 1409 1778; x_wconf 84' lang='lat' dir='ltr'>Koning,</span> 
     </span>
     <span class='ocr_line' id='line_1_13' title="bbox 295 1797 1413 1895; baseline 0.003 -24"><span class='ocrx_word' id='word_1_83' title='bbox 295 1820 361 1872; x_wconf 90' lang='lat' dir='ltr'>van</span> <span class='ocrx_word' id='word_1_84' title='bbox 380 1800 450 1874; x_wconf 92' lang='lat' dir='ltr'>dou</span> <span class='ocrx_word' id='word_1_85' title='bbox 470 1797 680 1895; x_wconf 84' lang='lat' dir='ltr'>Eeckbout).</span> <span class='ocrx_word' id='word_1_86' title='bbox 706 1840 750 1852; x_wconf 94' lang='lat'><em>-</em></span> <span class='ocrx_word' id='word_1_87' title='bbox 779 1801 1000 1874; x_wconf 82' lang='lat' dir='ltr'>llembrandt</span> <span class='ocrx_word' id='word_1_88' title='bbox 1026 1800 1170 1874; x_wconf 84' lang='lat' dir='ltr'>demum</span> <span class='ocrx_word' id='word_1_89' title='bbox 1196 1801 1413 1894; x_wconf 89' lang='lat' dir='ltr'>septentrio-</span> 
     </span>
     <span class='ocr_line' id='line_1_14' title="bbox 296 1914 1413 2009; baseline 0.002 -23"><span class='ocrx_word' id='word_1_90' title='bbox 296 1917 387 1988; x_wconf 89' lang='lat' dir='ltr'>nalis</span> <span class='ocrx_word' id='word_1_91' title='bbox 411 1917 567 2008; x_wconf 82' lang='lat' dir='ltr'>ingenii,</span> <span class='ocrx_word' id='word_1_92' title='bbox 596 1914 700 2007; x_wconf 80' lang='lat' dir='ltr'>juntd</span> <span class='ocrx_word' id='word_1_93' title='bbox 729 1917 910 2007; x_wconf 87' lang='lat' dir='ltr'>propriam</span> <span class='ocrx_word' id='word_1_94' title='bbox 945 1923 1109 1988; x_wconf 90' lang='lat' dir='ltr'>naturam</span> <span class='ocrx_word' id='word_1_95' title='bbox 1135 1926 1170 1990; x_wconf 94' lang='lat' dir='ltr'>et</span> <span class='ocrx_word' id='word_1_96' title='bbox 1204 1919 1326 2009; x_wconf 92' lang='lat' dir='ltr'>procul</span> <span class='ocrx_word' id='word_1_97' title='bbox 1365 1917 1413 1988; x_wconf 88' lang='lat' dir='ltr'>ab</span> 
     </span>
     <span class='ocr_line' id='line_1_15' title="bbox 294 2032 1411 2123; baseline 0 -20"><span class='ocrx_word' id='word_1_98' title='bbox 294 2033 391 2104; x_wconf 92' lang='lat' dir='ltr'>omui</span> <span class='ocrx_word' id='word_1_99' title='bbox 412 2032 563 2104; x_wconf 91' lang='lat' dir='ltr'>colluvie</span> <span class='ocrx_word' id='word_1_100' title='bbox 585 2033 716 2118; x_wconf 88' lang='lat' dir='ltr'>adulti,</span> <span class='ocrx_word' id='word_1_101' title='bbox 746 2032 900 2122; x_wconf 92' lang='lat' dir='ltr'>speciem</span> <span class='ocrx_word' id='word_1_102' title='bbox 930 2033 1224 2123; x_wconf 87' lang='lat' dir='ltr'>perlectissimam</span> <span class='ocrx_word' id='word_1_103' title='bbox 1249 2033 1411 2114; x_wconf 81' lang='lat' dir='ltr'>exhibet,</span> 
     </span>
     <span class='ocr_line' id='line_1_16' title="bbox 294 2147 1415 2239; baseline 0.001 -22"><span class='ocrx_word' id='word_1_104' title='bbox 294 2147 475 2238; x_wconf 88' lang='lat' dir='ltr'>simulque</span> <span class='ocrx_word' id='word_1_105' title='bbox 497 2147 702 2219; x_wconf 88' lang='lat' dir='ltr'>absolutum</span> <span class='ocrx_word' id='word_1_106' title='bbox 723 2148 925 2238; x_wconf 81' lang='lat' dir='ltr'>exemplum</span> <span class='ocrx_word' id='word_1_107' title='bbox 954 2147 1147 2239; x_wconf 83' lang='lat' dir='ltr'>singularis</span> <span class='ocrx_word' id='word_1_108' title='bbox 1170 2148 1324 2231; x_wconf 92' lang='lat' dir='ltr'>indolis,</span> <span class='ocrx_word' id='word_1_109' title='bbox 1347 2166 1415 2238; x_wconf 93' lang='lat' dir='ltr'>per</span> 
     </span>
     <span class='ocr_line' id='line_1_17' title="bbox 294 2261 1414 2354; baseline 0.002 -20"><span class='ocrx_word' id='word_1_110' title='bbox 294 2265 464 2354; x_wconf 91' lang='lat' dir='ltr'>seipsam</span> <span class='ocrx_word' id='word_1_111' title='bbox 483 2262 631 2335; x_wconf 93' lang='lat' dir='ltr'>omuiub</span> <span class='ocrx_word' id='word_1_112' title='bbox 648 2261 849 2346; x_wconf 83' lang='lat' dir='ltr'>existentis,</span> <span class='ocrx_word' id='word_1_113' title='bbox 869 2282 986 2353; x_wconf 89' lang='lat' dir='ltr'>noque</span> <span class='ocrx_word' id='word_1_114' title='bbox 1005 2264 1113 2335; x_wconf 87' lang='lat' dir='ltr'>uliam</span> <span class='ocrx_word' id='word_1_115' title='bbox 1134 2265 1191 2336; x_wconf 88' lang='lat' dir='ltr'>eui</span> <span class='ocrx_word' id='word_1_116' title='bbox 1207 2271 1342 2354; x_wconf 89' lang='lat' dir='ltr'>partem</span> <span class='ocrx_word' id='word_1_117' title='bbox 1363 2262 1414 2336; x_wconf 90' lang='lat' dir='ltr'>ad</span> 
     </span>
     <span class='ocr_line' id='line_1_18' title="bbox 294 2378 1089 2473; baseline 0.003 -24"><span class='ocrx_word' id='word_1_118' title='bbox 294 2378 493 2468; x_wconf 79' lang='lat' dir='ltr'>quamlibet</span> <span class='ocrx_word' id='word_1_119' title='bbox 510 2379 665 2450; x_wconf 87' lang='lat' dir='ltr'>alienam</span> <span class='ocrx_word' id='word_1_120' title='bbox 686 2378 756 2452; x_wconf 85' lang='lat' dir='ltr'>vim</span> <span class='ocrx_word' id='word_1_121' title='bbox 778 2379 1006 2453; x_wconf 89' lang='lat' dir='ltr'>concedentis</span> <span class='ocrx_word' id='word_1_122' title='bbox 1029 2378 1089 2473; x_wconf 77' lang='lat' dir='ltr'>(i).</span> 
     </span>
    </p>

    <p class='ocr_par' dir='ltr' id='par_1_3' title="bbox 342 2485 1413 2580">
     <span class='ocr_line' id='line_1_19' title="bbox 342 2485 1413 2580; baseline 0.003 -15"><span class='ocrx_word' id='word_1_123' title='bbox 342 2485 472 2568; x_wconf 83' lang='lat' dir='ltr'>Verium</span> <span class='ocrx_word' id='word_1_124' title='bbox 490 2493 679 2567; x_wconf 81' lang='lat' dir='ltr'>infeliciter</span> <span class='ocrx_word' id='word_1_125' title='bbox 697 2495 826 2568; x_wconf 86' lang='lat' dir='ltr'>accidit</span> <span class='ocrx_word' id='word_1_126' title='bbox 845 2502 902 2577; x_wconf 90' lang='lat' dir='ltr'>ut,</span> <span class='ocrx_word' id='word_1_127' title='bbox 932 2502 1071 2568; x_wconf 88' lang='lat' dir='ltr'>mortuo</span> <span class='ocrx_word' id='word_1_128' title='bbox 1091 2495 1174 2580; x_wconf 87' lang='lat' dir='ltr'>illo,</span> <span class='ocrx_word' id='word_1_129' title='bbox 1203 2515 1262 2569; x_wconf 89' lang='lat' dir='ltr'>ars</span> <span class='ocrx_word' id='word_1_130' title='bbox 1281 2496 1413 2570; x_wconf 84' lang='lat' dir='ltr'>batava</span> 
     </span>
    </p>
   </div>
   <div class='ocr_carea' id='block_1_3' title="bbox 294 2801 1418 4547">
    <p class='ocr_par' dir='ltr' id='par_1_4' title="bbox 325 2801 1137 2868">
     <span class='ocr_line' id='line_1_20' title="bbox 325 2801 1137 2868; baseline 0.002 -17"><span class='ocrx_word' id='word_1_131' title='bbox 325 2802 358 2865; x_wconf 85' lang='grc'>(1)</span> <span class='ocrx_word' id='word_1_132' title='bbox 373 2801 415 2852; x_wconf 85' lang='lat' dir='ltr'>Gi.</span> <span class='ocrx_word' id='word_1_133' title='bbox 431 2801 570 2851; x_wconf 88' lang='lat' dir='ltr'>Leouardi</span> <span class='ocrx_word' id='word_1_134' title='bbox 586 2806 613 2852; x_wconf 87' lang='lat' dir='ltr'>et</span> <span class='ocrx_word' id='word_1_135' title='bbox 627 2801 842 2853; x_wconf 86' lang='lat' dir='ltr'>Mediolanensie</span> <span class='ocrx_word' id='word_1_136' title='bbox 858 2804 961 2854; x_wconf 83' lang='lat' dir='ltr'>scholae</span> <span class='ocrx_word' id='word_1_137' title='bbox 976 2808 1116 2868; x_wconf 86' lang='lat' dir='ltr'>praecepta</span> <span class='ocrx_word' id='word_1_138' title='bbox 1131 2819 1137 2853; x_wconf 91' lang='lat'><strong>:</strong></span> 
     </span>
    </p>

    <p class='ocr_par' dir='ltr' id='par_1_5' title="bbox 294 2882 1414 3427">
     <span class='ocr_line' id='line_1_21' title="bbox 326 2882 1413 2947; baseline 0.003 -17"><span class='ocrx_word' id='word_1_139' title='bbox 326 2899 338 2930; x_wconf 82' lang='lat' dir='ltr'>a</span> <span class='ocrx_word' id='word_1_140' title='bbox 353 2883 375 2931; x_wconf 95' lang='lat' dir='ltr'>ll</span> <span class='ocrx_word' id='word_1_141' title='bbox 388 2883 490 2946; x_wconf 90' lang='lat' dir='ltr'>pittore</span> <span class='ocrx_word' id='word_1_142' title='bbox 506 2895 610 2932; x_wconf 87' lang='lat' dir='ltr'>ovvero</span> <span class='ocrx_word' id='word_1_143' title='bbox 625 2882 801 2946; x_wconf 83' lang='lat' dir='ltr'>disegnatore</span> <span class='ocrx_word' id='word_1_144' title='bbox 812 2883 967 2933; x_wconf 54' lang='lat' dir='ltr'>decessere</span> <span class='ocrx_word' id='word_1_145' title='bbox 982 2887 1119 2946; x_wconf 81' lang='lat' dir='ltr'>solitario,</span> <span class='ocrx_word' id='word_1_146' title='bbox 1133 2885 1286 2934; x_wconf 82' lang='lat' dir='ltr'>emassime</span> <span class='ocrx_word' id='word_1_147' title='bbox 1298 2884 1413 2947; x_wconf 86' lang='lat' dir='ltr'>quando</span> 
     </span>
     <span class='ocr_line' id='line_1_22' title="bbox 294 2961 1414 3024; baseline -0.002 -10"><span class='ocrx_word' id='word_1_148' title='bbox 294 2965 309 3014; x_wconf 77' lang='lat' dir='ltr'>d</span> <span class='ocrx_word' id='word_1_149' title='bbox 324 2965 432 3012; x_wconf 90' lang='lat' dir='ltr'>intento</span> <span class='ocrx_word' id='word_1_150' title='bbox 443 2962 495 3011; x_wconf 86' lang='lat' dir='ltr'>alle</span> <span class='ocrx_word' id='word_1_151' title='bbox 510 2961 697 3024; x_wconf 80' lang='lat' dir='ltr'>specularium</span> <span class='ocrx_word' id='word_1_152' title='bbox 711 2975 725 3011; x_wconf 89' lang='lat' dir='ltr'>a</span> <span class='ocrx_word' id='word_1_153' title='bbox 737 2963 988 3012; x_wconf 75' lang='lat' dir='ltr'>considerazioni..,</span> <span class='ocrx_word' id='word_1_154' title='bbox 1002 2963 1023 3013; x_wconf 84' lang='lat' dir='ltr'><strong>E</strong></span> <span class='ocrx_word' id='word_1_155' title='bbox 1036 2977 1066 3014; x_wconf 87' lang='lat' dir='ltr'>se</span> <span class='ocrx_word' id='word_1_156' title='bbox 1076 2969 1107 3014; x_wconf 90' lang='lat' dir='ltr'>tu</span> <span class='ocrx_word' id='word_1_157' title='bbox 1123 2965 1194 3014; x_wconf 86' lang='lat' dir='ltr'>sarai</span> <span class='ocrx_word' id='word_1_158' title='bbox 1209 2965 1279 3024; x_wconf 88' lang='lat' dir='ltr'>eolo,</span> <span class='ocrx_word' id='word_1_159' title='bbox 1293 2968 1322 3013; x_wconf 90' lang='lat' dir='ltr'>tu</span> <span class='ocrx_word' id='word_1_160' title='bbox 1338 2965 1414 3012; x_wconf 87' lang='lat' dir='ltr'>sarai</span> 
     </span>
     <span class='ocr_line' id='line_1_23' title="bbox 295 3042 1412 3108; baseline 0.001 -15"><span class='ocrx_word' id='word_1_161' title='bbox 295 3049 366 3093; x_wconf 87' lang='lat' dir='ltr'>tutto</span> <span class='ocrx_word' id='word_1_162' title='bbox 383 3051 446 3104; x_wconf 87' lang='lat' dir='ltr'>tuo,</span> <span class='ocrx_word' id='word_1_163' title='bbox 460 3057 474 3092; x_wconf 90' lang='lat' dir='ltr'>o</span> <span class='ocrx_word' id='word_1_164' title='bbox 490 3056 520 3092; x_wconf 90' lang='lat' dir='ltr'>se</span> <span class='ocrx_word' id='word_1_165' title='bbox 535 3043 607 3092; x_wconf 87' lang='lat' dir='ltr'>sarai</span> <span class='ocrx_word' id='word_1_166' title='bbox 622 3047 837 3104; x_wconf 81' lang='lat' dir='ltr'>accompagnato</span> <span class='ocrx_word' id='word_1_167' title='bbox 856 3042 891 3091; x_wconf 88' lang='lat' dir='ltr'>da</span> <span class='ocrx_word' id='word_1_168' title='bbox 903 3057 941 3091; x_wconf 91' lang='lat' dir='ltr'>un</span> <span class='ocrx_word' id='word_1_169' title='bbox 956 3044 1016 3092; x_wconf 91' lang='lat' dir='ltr'>solo</span> <span class='ocrx_word' id='word_1_170' title='bbox 1036 3057 1203 3108; x_wconf 80' lang='lat' dir='ltr'>compagno,</span> <span class='ocrx_word' id='word_1_171' title='bbox 1224 3045 1296 3094; x_wconf 86' lang='lat' dir='ltr'>sarai</span> <span class='ocrx_word' id='word_1_172' title='bbox 1316 3056 1412 3094; x_wconf 85' lang='lat' dir='ltr'>mezzo</span> 
     </span>
     <span class='ocr_line' id='line_1_24' title="bbox 295 3121 1413 3185; baseline -0.002 -11"><span class='ocrx_word' id='word_1_173' title='bbox 295 3131 373 3176; x_wconf 87' lang='lat' dir='ltr'>tuo...</span> <span class='ocrx_word' id='word_1_174' title='bbox 388 3141 399 3171; x_wconf 87' lang='lat' dir='ltr'>r</span> <span class='ocrx_word' id='word_1_175' title='bbox 414 3151 444 3160; x_wconf 98' lang='lat'>-</span> <span class='ocrx_word' id='word_1_176' title='bbox 459 3123 500 3174; x_wconf 92' lang='lat' dir='ltr'>Ne</span> <span class='ocrx_word' id='word_1_177' title='bbox 515 3124 590 3172; x_wconf 85' lang='lat' dir='ltr'>dicas</span> <span class='ocrx_word' id='word_1_178' title='bbox 608 3122 708 3185; x_wconf 80' lang='lat' dir='ltr'>(pergit</span> <span class='ocrx_word' id='word_1_179' title='bbox 724 3121 897 3183; x_wconf 87' lang='lat' dir='ltr'>Leonardus)</span> <span class='ocrx_word' id='word_1_180' title='bbox 912 3136 994 3185; x_wconf 86' lang='lat' dir='ltr'>posse</span> <span class='ocrx_word' id='word_1_181' title='bbox 1009 3123 1102 3172; x_wconf 86' lang='lat' dir='ltr'>omnia</span> <span class='ocrx_word' id='word_1_182' title='bbox 1117 3126 1269 3174; x_wconf 87' lang='lat' dir='ltr'>conciliari.</span> <span class='ocrx_word' id='word_1_183' title='bbox 1286 3142 1298 3173; x_wconf 82' lang='lat' dir='ltr'>a</span> <span class='ocrx_word' id='word_1_184' title='bbox 1314 3123 1336 3174; x_wconf 84' lang='lat' dir='ltr'><strong>E</strong></span> <span class='ocrx_word' id='word_1_185' title='bbox 1352 3137 1413 3174; x_wconf 90' lang='lat' dir='ltr'>non</span> 
     </span>
     <span class='ocr_line' id='line_1_25' title="bbox 295 3202 1414 3269; baseline -0.001 -14"><span class='ocrx_word' id='word_1_186' title='bbox 295 3207 319 3256; x_wconf 85' lang='lat' dir='ltr'>si</span> <span class='ocrx_word' id='word_1_187' title='bbox 339 3206 393 3269; x_wconf 85' lang='lat' dir='ltr'>pub</span> <span class='ocrx_word' id='word_1_188' title='bbox 412 3204 517 3255; x_wconf 88' lang='lat' dir='ltr'>servire</span> <span class='ocrx_word' id='word_1_189' title='bbox 539 3218 555 3251; x_wconf 82' lang='lat' dir='ltr'>a</span> <span class='ocrx_word' id='word_1_190' title='bbox 574 3202 628 3251; x_wconf 92' lang='lat' dir='ltr'>due</span> <span class='ocrx_word' id='word_1_191' title='bbox 647 3202 769 3265; x_wconf 78' lang='lat' dir='ltr'>signori;</span> <span class='ocrx_word' id='word_1_192' title='bbox 786 3205 815 3250; x_wconf 87' lang='lat' dir='ltr'>tu</span> <span class='ocrx_word' id='word_1_193' title='bbox 831 3202 927 3252; x_wconf 86' lang='lat' dir='ltr'>lareeti</span> <span class='ocrx_word' id='word_1_194' title='bbox 945 3203 1015 3252; x_wconf 92' lang='lat' dir='ltr'>male</span> <span class='ocrx_word' id='word_1_195' title='bbox 1029 3203 1140 3254; x_wconf 88' lang='lat' dir='ltr'>l’ufficio</span> <span class='ocrx_word' id='word_1_196' title='bbox 1156 3205 1200 3254; x_wconf 93' lang='lat' dir='ltr'>del</span> <span class='ocrx_word' id='word_1_197' title='bbox 1215 3217 1379 3268; x_wconf 63' lang='lat' dir='ltr'>compagum</span> <span class='ocrx_word' id='word_1_198' title='bbox 1396 3218 1414 3254; x_wconf 88' lang='lat' dir='ltr'>e</span> 
     </span>
     <span class='ocr_line' id='line_1_26' title="bbox 295 3281 1413 3350; baseline -0.003 -15"><span class='ocrx_word' id='word_1_199' title='bbox 295 3286 395 3350; x_wconf 81' lang='lat' dir='ltr'>peggio</span> <span class='ocrx_word' id='word_1_200' title='bbox 414 3284 527 3333; x_wconf 83' lang='lat' dir='ltr'>l&#39;effetto</span> <span class='ocrx_word' id='word_1_201' title='bbox 548 3281 620 3330; x_wconf 91' lang='lat' dir='ltr'>della</span> <span class='ocrx_word' id='word_1_202' title='bbox 634 3282 829 3345; x_wconf 77' lang='lat' dir='ltr'>speculacione</span> <span class='ocrx_word' id='word_1_203' title='bbox 849 3281 911 3331; x_wconf 89' lang='lat' dir='ltr'>dell&#39;</span> <span class='ocrx_word' id='word_1_204' title='bbox 931 3287 998 3332; x_wconf 83' lang='lat' dir='ltr'>erte.</span> <span class='ocrx_word' id='word_1_205' title='bbox 1019 3284 1183 3346; x_wconf 79' lang='grc' dir='ltr'>1(Τ1611616</span> <span class='ocrx_word' id='word_1_206' title='bbox 1203 3287 1276 3335; x_wconf 85' lang='lat' dir='ltr'>dalle</span> <span class='ocrx_word' id='word_1_207' title='bbox 1289 3287 1413 3346; x_wconf 81' lang='lat' dir='ltr'>pitture,</span> 
     </span>
     <span class='ocr_line' id='line_1_27' title="bbox 295 3364 396 3427; baseline 0 -13"><span class='ocrx_word' id='word_1_208' title='bbox 295 3366 330 3427; x_wconf 91' lang='lat' dir='ltr'>ll,</span> <span class='ocrx_word' id='word_1_209' title='bbox 347 3364 396 3426; x_wconf 81' lang='grc'>18.)</span> 
     </span>
    </p>

    <p class='ocr_par' dir='ltr' id='par_1_6' title="bbox 294 3441 1414 3664">
     <span class='ocr_line' id='line_1_28' title="bbox 328 3441 1414 3508; baseline 0.001 -16"><span class='ocrx_word' id='word_1_210' title='bbox 328 3462 339 3492; x_wconf 80' lang='lat' dir='ltr'>a</span> <span class='ocrx_word' id='word_1_211' title='bbox 362 3444 383 3492; x_wconf 94' lang='lat' dir='ltr'>ll</span> <span class='ocrx_word' id='word_1_212' title='bbox 403 3444 505 3506; x_wconf 73' lang='lat' dir='ltr'>pictore</span> <span class='ocrx_word' id='word_1_213' title='bbox 522 3441 677 3491; x_wconf 85' lang='lat' dir='ltr'>dev&#39;eeeere</span> <span class='ocrx_word' id='word_1_214' title='bbox 697 3444 825 3492; x_wconf 76' lang='lat' dir='ltr'>solitario</span> <span class='ocrx_word' id='word_1_215' title='bbox 843 3456 858 3494; x_wconf 89' lang='grc'>6</span> <span class='ocrx_word' id='word_1_216' title='bbox 875 3443 1036 3493; x_wconf 86' lang='lat' dir='ltr'>considerar</span> <span class='ocrx_word' id='word_1_217' title='bbox 1051 3444 1093 3493; x_wconf 85' lang='lat' dir='ltr'>cib</span> <span class='ocrx_word' id='word_1_218' title='bbox 1109 3443 1214 3494; x_wconf 88' lang='lat' dir='ltr'>cb’eeso</span> <span class='ocrx_word' id='word_1_219' title='bbox 1229 3445 1299 3495; x_wconf 83' lang='lat' dir='ltr'>vade</span> <span class='ocrx_word' id='word_1_220' title='bbox 1314 3458 1329 3494; x_wconf 94' lang='lat' dir='ltr'>e</span> <span class='ocrx_word' id='word_1_221' title='bbox 1345 3459 1414 3508; x_wconf 86' lang='lat' dir='ltr'>par-</span> 
     </span>
     <span class='ocr_line' id='line_1_29' title="bbox 294 3520 1413 3586; baseline 0.001 -14"><span class='ocrx_word' id='word_1_222' title='bbox 294 3525 352 3572; x_wconf 82' lang='grc'>1616</span> <span class='ocrx_word' id='word_1_223' title='bbox 372 3536 424 3572; x_wconf 87' lang='lat' dir='ltr'>con</span> <span class='ocrx_word' id='word_1_224' title='bbox 441 3522 470 3570; x_wconf 68' lang='lat' dir='ltr'>se*</span> <span class='ocrx_word' id='word_1_225' title='bbox 490 3520 641 3583; x_wconf 84' lang='lat' dir='ltr'>eleggeudo</span> <span class='ocrx_word' id='word_1_226' title='bbox 658 3521 685 3569; x_wconf 92' lang='lat' dir='ltr'>le</span> <span class='ocrx_word' id='word_1_227' title='bbox 704 3521 775 3583; x_wconf 87' lang='lat' dir='ltr'>parti</span> <span class='ocrx_word' id='word_1_228' title='bbox 790 3521 840 3583; x_wconf 81' lang='lat' dir='ltr'>pilu</span> <span class='ocrx_word' id='word_1_229' title='bbox 855 3521 997 3571; x_wconf 87' lang='lat' dir='ltr'>eccellenti</span> <span class='ocrx_word' id='word_1_230' title='bbox 1012 3521 1083 3571; x_wconf 89' lang='lat' dir='ltr'>delle</span> <span class='ocrx_word' id='word_1_231' title='bbox 1096 3523 1189 3585; x_wconf 86' lang='lat' dir='ltr'>specie</span> <span class='ocrx_word' id='word_1_232' title='bbox 1204 3522 1233 3571; x_wconf 96' lang='lat' dir='ltr'>di</span> <span class='ocrx_word' id='word_1_233' title='bbox 1250 3523 1413 3586; x_wconf 74' lang='lat' dir='ltr'>quacunque</span> 
     </span>
     <span class='ocr_line' id='line_1_30' title="bbox 296 3601 778 3664; baseline -0.004 -12"><span class='ocrx_word' id='word_1_234' title='bbox 296 3617 361 3653; x_wconf 89' lang='lat' dir='ltr'>cosa</span> <span class='ocrx_word' id='word_1_235' title='bbox 375 3603 428 3664; x_wconf 84' lang='lat' dir='ltr'>egli</span> <span class='ocrx_word' id='word_1_236' title='bbox 443 3601 522 3652; x_wconf 90' lang='lat' dir='ltr'>vede.</span> <span class='ocrx_word' id='word_1_237' title='bbox 538 3609 550 3646; x_wconf 80' lang='lat' dir='ltr'>e&#39;</span> <span class='ocrx_word' id='word_1_238' title='bbox 565 3601 659 3663; x_wconf 60' lang='lat' dir='ltr'>(ibice,</span> <span class='ocrx_word' id='word_1_239' title='bbox 675 3601 710 3663; x_wconf 90' lang='lat'>11,</span> <span class='ocrx_word' id='word_1_240' title='bbox 728 3602 778 3660; x_wconf 87' lang='grc'>59.)</span> 
     </span>
    </p>

    <p class='ocr_par' dir='ltr' id='par_1_7' title="bbox 295 3680 1415 4228">
     <span class='ocr_line' id='line_1_31' title="bbox 326 3680 1414 3746; baseline 0 -14"><span class='ocrx_word' id='word_1_241' title='bbox 326 3685 395 3733; x_wconf 85' lang='lat' dir='ltr'>item</span> <span class='ocrx_word' id='word_1_242' title='bbox 410 3681 553 3731; x_wconf 87' lang='lat' dir='ltr'>Lomatius</span> <span class='ocrx_word' id='word_1_243' title='bbox 569 3680 607 3730; x_wconf 88' lang='lat' dir='ltr'>ait</span> <span class='ocrx_word' id='word_1_244' title='bbox 624 3680 714 3730; x_wconf 85' lang='lat' dir='ltr'>aetetis</span> <span class='ocrx_word' id='word_1_245' title='bbox 733 3693 792 3730; x_wconf 86' lang='lat' dir='ltr'>suae</span> <span class='ocrx_word' id='word_1_246' title='bbox 808 3680 1028 3731; x_wconf 85' lang='lat' dir='ltr'>mediocritatem</span> <span class='ocrx_word' id='word_1_247' title='bbox 1044 3696 1127 3732; x_wconf 86' lang='lat' dir='ltr'>exeo</span> <span class='ocrx_word' id='word_1_248' title='bbox 1143 3683 1210 3731; x_wconf 89' lang='lat' dir='ltr'>oriri</span> <span class='ocrx_word' id='word_1_249' title='bbox 1225 3682 1300 3745; x_wconf 91' lang='lat' dir='ltr'>quod</span> <span class='ocrx_word' id='word_1_250' title='bbox 1320 3683 1414 3746; x_wconf 89' lang='lat' dir='ltr'>pictor</span> 
     </span>
     <span class='ocr_line' id='line_1_32' title="bbox 295 3759 1413 3825; baseline -0.003 -11"><span class='ocrx_word' id='word_1_251' title='bbox 295 3778 351 3814; x_wconf 89' lang='lat' dir='ltr'>non</span> <span class='ocrx_word' id='word_1_252' title='bbox 367 3763 434 3812; x_wconf 90' lang='lat' dir='ltr'>satis</span> <span class='ocrx_word' id='word_1_253' title='bbox 449 3761 658 3809; x_wconf 85' lang='lat' dir='ltr'>animumsuum</span> <span class='ocrx_word' id='word_1_254' title='bbox 672 3759 777 3822; x_wconf 80' lang='lat' dir='ltr'>colligit</span> <span class='ocrx_word' id='word_1_255' title='bbox 792 3760 952 3824; x_wconf 87' lang='lat' dir='ltr'>priusquam</span> <span class='ocrx_word' id='word_1_256' title='bbox 965 3762 1070 3825; x_wconf 83' lang='lat' dir='ltr'>pingat.</span> <span class='ocrx_word' id='word_1_257' title='bbox 1086 3761 1224 3812; x_wconf 82' lang='lat' dir='ltr'>Derelicta</span> <span class='ocrx_word' id='word_1_258' title='bbox 1239 3765 1282 3812; x_wconf 85' lang='lat' dir='ltr'>est</span> <span class='ocrx_word' id='word_1_259' title='bbox 1297 3779 1309 3810; x_wconf 82' lang='lat' dir='ltr'>a</span> <span class='ocrx_word' id='word_1_260' title='bbox 1322 3762 1368 3814; x_wconf 86' lang='lat' dir='ltr'>via</span> <span class='ocrx_word' id='word_1_261' title='bbox 1384 3762 1413 3811; x_wconf 92' lang='lat' dir='ltr'>di</span> 
     </span>
     <span class='ocr_line' id='line_1_33' title="bbox 296 3837 1414 3906; baseline -0.002 -13"><span class='ocrx_word' id='word_1_262' title='bbox 296 3845 442 3906; x_wconf 89' lang='lat' dir='ltr'>concipere</span> <span class='ocrx_word' id='word_1_263' title='bbox 458 3837 484 3890; x_wconf 74' lang='lat' dir='ltr'>e&#39;t</span> <span class='ocrx_word' id='word_1_264' title='bbox 499 3853 576 3889; x_wconf 88' lang='lat' dir='ltr'>come</span> <span class='ocrx_word' id='word_1_265' title='bbox 592 3838 607 3886; x_wconf 80' lang='lat' dir='ltr'>d</span> <span class='ocrx_word' id='word_1_266' title='bbox 623 3837 665 3887; x_wconf 91' lang='lat' dir='ltr'>dir</span> <span class='ocrx_word' id='word_1_267' title='bbox 681 3853 825 3902; x_wconf 89' lang='lat' dir='ltr'>comporre</span> <span class='ocrx_word' id='word_1_268' title='bbox 839 3840 912 3889; x_wconf 91' lang='lat' dir='ltr'>nella</span> <span class='ocrx_word' id='word_1_269' title='bbox 926 3845 1017 3890; x_wconf 89' lang='lat' dir='ltr'>mente</span> <span class='ocrx_word' id='word_1_270' title='bbox 1031 3846 1058 3890; x_wconf 92' lang='grc'>61</span> <span class='ocrx_word' id='word_1_271' title='bbox 1071 3841 1135 3891; x_wconf 85' lang='lat' dir='ltr'>idea</span> <span class='ocrx_word' id='word_1_272' title='bbox 1148 3856 1199 3891; x_wconf 85' lang='lat' dir='ltr'>sua</span> <span class='ocrx_word' id='word_1_273' title='bbox 1213 3842 1256 3891; x_wconf 82' lang='lat' dir='ltr'>cib</span> <span class='ocrx_word' id='word_1_274' title='bbox 1270 3842 1320 3891; x_wconf 89' lang='lat' dir='ltr'>che</span> <span class='ocrx_word' id='word_1_275' title='bbox 1336 3842 1414 3892; x_wconf 89' lang='lat' dir='ltr'>dise-</span> 
     </span>
     <span class='ocr_line' id='line_1_34' title="bbox 295 3918 1414 3988; baseline -0.002 -16"><span class='ocrx_word' id='word_1_276' title='bbox 295 3937 387 3988; x_wconf 87' lang='lat' dir='ltr'>gnano</span> <span class='ocrx_word' id='word_1_277' title='bbox 405 3923 432 3970; x_wconf 91' lang='lat' dir='ltr'>di</span> <span class='ocrx_word' id='word_1_278' title='bbox 453 3923 523 3980; x_wconf 87' lang='lat' dir='ltr'>lare,</span> <span class='ocrx_word' id='word_1_279' title='bbox 544 3919 632 3982; x_wconf 86' lang='lat' dir='ltr'>prima</span> <span class='ocrx_word' id='word_1_280' title='bbox 651 3919 702 3967; x_wconf 88' lang='lat' dir='ltr'>che</span> <span class='ocrx_word' id='word_1_281' title='bbox 720 3918 802 3968; x_wconf 88' lang='lat' dir='ltr'>diano</span> <span class='ocrx_word' id='word_1_282' title='bbox 818 3919 846 3967; x_wconf 92' lang='lat' dir='ltr'>di</span> <span class='ocrx_word' id='word_1_283' title='bbox 864 3921 947 3983; x_wconf 83' lang='lat' dir='ltr'>piglib</span> <span class='ocrx_word' id='word_1_284' title='bbox 964 3922 989 3969; x_wconf 89' lang='lat' dir='ltr'>al</span> <span class='ocrx_word' id='word_1_285' title='bbox 1004 3922 1133 3984; x_wconf 89' lang='lat' dir='ltr'>pennello</span> <span class='ocrx_word' id='word_1_286' title='bbox 1149 3927 1177 3972; x_wconf 90' lang='lat' dir='ltr'>et</span> <span class='ocrx_word' id='word_1_287' title='bbox 1189 3923 1325 3986; x_wconf 84' lang='lat' dir='ltr'>scarpello</span> <span class='ocrx_word' id='word_1_288' title='bbox 1345 3924 1372 3970; x_wconf 88' lang='lat' dir='ltr'>et</span> <span class='ocrx_word' id='word_1_289' title='bbox 1385 3922 1414 3971; x_wconf 98' lang='lat' dir='ltr'>lo</span> 
     </span>
     <span class='ocr_line' id='line_1_35' title="bbox 295 3998 1414 4068; baseline -0.002 -16"><span class='ocrx_word' id='word_1_290' title='bbox 295 4016 424 4068; x_wconf 85' lang='lat' dir='ltr'>pongano</span> <span class='ocrx_word' id='word_1_291' title='bbox 439 4001 468 4049; x_wconf 91' lang='lat' dir='ltr'>in</span> <span class='ocrx_word' id='word_1_292' title='bbox 483 4013 577 4065; x_wconf 86' lang='lat' dir='ltr'>opera.</span> <span class='ocrx_word' id='word_1_293' title='bbox 591 3998 631 4047; x_wconf 86' lang='lat' dir='ltr'>La</span> <span class='ocrx_word' id='word_1_294' title='bbox 646 3999 709 4061; x_wconf 84' lang='lat' dir='ltr'>qual</span> <span class='ocrx_word' id='word_1_295' title='bbox 725 4012 791 4047; x_wconf 86' lang='lat' dir='ltr'>cosa</span> <span class='ocrx_word' id='word_1_296' title='bbox 802 3999 1059 4062; x_wconf 86' lang='lat' dir='ltr'>primieramantesi</span> <span class='ocrx_word' id='word_1_297' title='bbox 1072 4000 1152 4050; x_wconf 79' lang='lat' dir='ltr'>lidda</span> <span class='ocrx_word' id='word_1_298' title='bbox 1166 4001 1224 4050; x_wconf 83' lang='lat' dir='ltr'>lare</span> <span class='ocrx_word' id='word_1_299' title='bbox 1236 4001 1264 4049; x_wconf 89' lang='lat' dir='ltr'>di</span> <span class='ocrx_word' id='word_1_300' title='bbox 1277 4001 1414 4051; x_wconf 89' lang='lat' dir='ltr'>continuo</span> 
     </span>
     <span class='ocr_line' id='line_1_36' title="bbox 295 4079 1415 4145; baseline -0.003 -12"><span class='ocrx_word' id='word_1_301' title='bbox 295 4087 324 4133; x_wconf 90' lang='lat' dir='ltr'>in</span> <span class='ocrx_word' id='word_1_302' title='bbox 340 4085 495 4132; x_wconf 80' lang='lat' dir='ltr'>solitudine</span> <span class='ocrx_word' id='word_1_303' title='bbox 514 4086 542 4129; x_wconf 89' lang='lat' dir='ltr'>et</span> <span class='ocrx_word' id='word_1_304' title='bbox 560 4082 689 4140; x_wconf 83' lang='lat' dir='ltr'>silentio,</span> <span class='ocrx_word' id='word_1_305' title='bbox 707 4092 791 4128; x_wconf 89' lang='lat' dir='ltr'>senza</span> <span class='ocrx_word' id='word_1_306' title='bbox 807 4092 863 4128; x_wconf 92' lang='lat' dir='ltr'>non</span> <span class='ocrx_word' id='word_1_307' title='bbox 883 4079 897 4128; x_wconf 84' lang='lat' dir='ltr'>d</span> <span class='ocrx_word' id='word_1_308' title='bbox 914 4081 1049 4143; x_wconf 90' lang='lat' dir='ltr'>possibile</span> <span class='ocrx_word' id='word_1_309' title='bbox 1065 4082 1115 4130; x_wconf 90' lang='lat' dir='ltr'>che</span> <span class='ocrx_word' id='word_1_310' title='bbox 1130 4082 1230 4132; x_wconf 86' lang='lat' dir='ltr'>alcuno</span> <span class='ocrx_word' id='word_1_311' title='bbox 1243 4095 1326 4145; x_wconf 88' lang='lat' dir='ltr'>possa</span> <span class='ocrx_word' id='word_1_312' title='bbox 1342 4083 1415 4131; x_wconf 90' lang='lat' dir='ltr'>bene</span> 
     </span>
     <span class='ocr_line' id='line_1_37' title="bbox 296 4158 912 4228; baseline -0.01 -13"><span class='ocrx_word' id='word_1_313' title='bbox 296 4164 423 4228; x_wconf 85' lang='lat' dir='ltr'>specular</span> <span class='ocrx_word' id='word_1_314' title='bbox 437 4161 576 4224; x_wconf 73' lang='lat' dir='ltr'>giemi...</span> <span class='ocrx_word' id='word_1_315' title='bbox 594 4165 645 4209; x_wconf 90' lang='lat' dir='ltr'>etc.</span> <span class='ocrx_word' id='word_1_316' title='bbox 663 4175 675 4206; x_wconf 84' lang='grc'>1</span> <span class='ocrx_word' id='word_1_317' title='bbox 692 4158 912 4222; x_wconf 81' lang='lat' dir='ltr'>(rotc.,V1.6l.)</span> 
     </span>
    </p>

    <p class='ocr_par' dir='ltr' id='par_1_8' title="bbox 295 4238 1418 4547">
     <span class='ocr_line' id='line_1_38' title="bbox 327 4238 1416 4308; baseline 0 -15"><span class='ocrx_word' id='word_1_318' title='bbox 327 4245 361 4308; x_wconf 75' lang='lat'>(2)</span> <span class='ocrx_word' id='word_1_319' title='bbox 375 4243 481 4302; x_wconf 84' lang='lat' dir='ltr'>Talem,</span> <span class='ocrx_word' id='word_1_320' title='bbox 505 4255 556 4290; x_wconf 91' lang='lat' dir='ltr'>nec</span> <span class='ocrx_word' id='word_1_321' title='bbox 578 4240 728 4304; x_wconf 75' lang='lat' dir='ltr'>immerito,</span> <span class='ocrx_word' id='word_1_322' title='bbox 748 4238 954 4289; x_wconf 83' lang='lat' dir='ltr'>Rembrandum</span> <span class='ocrx_word' id='word_1_323' title='bbox 974 4241 1077 4305; x_wconf 80' lang='lat' dir='ltr'>effingit</span> <span class='ocrx_word' id='word_1_324' title='bbox 1100 4241 1171 4291; x_wconf 88' lang='lat' dir='ltr'>liber</span> <span class='ocrx_word' id='word_1_325' title='bbox 1190 4242 1243 4292; x_wconf 85' lang='lat' dir='ltr'>iste</span> <span class='ocrx_word' id='word_1_326' title='bbox 1263 4256 1269 4291; x_wconf 91' lang='lat'><strong>:</strong></span> <span class='ocrx_word' id='word_1_327' title='bbox 1292 4259 1304 4290; x_wconf 83' lang='lat' dir='ltr'>a</span> <span class='ocrx_word' id='word_1_328' title='bbox 1325 4248 1416 4293; x_wconf 81' lang='lat' dir='ltr'>Rem·</span> 
     </span>
     <span class='ocr_line' id='line_1_39' title="bbox 297 4319 1418 4383; baseline -0.001 -8"><span class='ocrx_word' id='word_1_329' title='bbox 297 4328 399 4376; x_wconf 85' lang='lat' dir='ltr'>brattdl</span> <span class='ocrx_word' id='word_1_330' title='bbox 417 4324 623 4381; x_wconf 58' lang='lat' dir='ltr'>calcitrantium</span> <span class='ocrx_word' id='word_1_331' title='bbox 638 4336 650 4368; x_wconf 85' lang='lat' dir='ltr'>n</span> <span class='ocrx_word' id='word_1_332' title='bbox 666 4320 724 4383; x_wconf 89' lang='lat' dir='ltr'>qui,</span> <span class='ocrx_word' id='word_1_333' title='bbox 740 4319 829 4368; x_wconf 86' lang='lat' dir='ltr'>tribus</span> <span class='ocrx_word' id='word_1_334' title='bbox 846 4324 893 4368; x_wconf 85' lang='lat' dir='ltr'>aut</span> <span class='ocrx_word' id='word_1_335' title='bbox 907 4326 1026 4383; x_wconf 80' lang='lat' dir='ltr'>quatuor</span> <span class='ocrx_word' id='word_1_336' title='bbox 1039 4321 1139 4371; x_wconf 89' lang='lat' dir='ltr'>abhinc</span> <span class='ocrx_word' id='word_1_337' title='bbox 1154 4322 1248 4382; x_wconf 87' lang='lat' dir='ltr'>annis,</span> <span class='ocrx_word' id='word_1_338' title='bbox 1263 4326 1371 4373; x_wconf 88' lang='lat' dir='ltr'>tantum</span> <span class='ocrx_word' id='word_1_339' title='bbox 1385 4323 1418 4374; x_wconf 88' lang='lat' dir='ltr'>in</span> 
     </span>
     <span class='ocr_line' id='line_1_40' title="bbox 296 4398 1418 4464; baseline -0.002 -10"><span class='ocrx_word' id='word_1_340' title='bbox 296 4402 445 4456; x_wconf 68' lang='lat' dir='ltr'>Germanic</span> <span class='ocrx_word' id='word_1_341' title='bbox 462 4414 601 4451; x_wconf 88' lang='lat' dir='ltr'>rumorem</span> <span class='ocrx_word' id='word_1_342' title='bbox 619 4399 778 4450; x_wconf 87' lang='lat' dir='ltr'>concitavit.</span> <span class='ocrx_word' id='word_1_343' title='bbox 800 4398 918 4463; x_wconf 78' lang='lat' dir='ltr'>Eligitur</span> <span class='ocrx_word' id='word_1_344' title='bbox 937 4399 1146 4464; x_wconf 83' lang='lat' dir='ltr'>Rembrandus,</span> <span class='ocrx_word' id='word_1_345' title='bbox 1169 4415 1228 4464; x_wconf 81' lang='lat' dir='ltr'>prae</span> <span class='ocrx_word' id='word_1_346' title='bbox 1252 4401 1361 4453; x_wconf 88' lang='lat' dir='ltr'>Durero</span> <span class='ocrx_word' id='word_1_347' title='bbox 1387 4405 1418 4452; x_wconf 88' lang='grc'>61</span> 
     </span>
     <span class='ocr_line' id='line_1_41' title="bbox 295 4481 1246 4547; baseline 0 -12"><span class='ocrx_word' id='word_1_348' title='bbox 295 4487 396 4542; x_wconf 85' lang='lat' dir='ltr'>ceteris</span> <span class='ocrx_word' id='word_1_349' title='bbox 413 4483 568 4544; x_wconf 76' lang='lat' dir='ltr'>GermaniS,</span> <span class='ocrx_word' id='word_1_350' title='bbox 584 4483 629 4544; x_wconf 89' lang='lat' dir='ltr'>qui</span> <span class='ocrx_word' id='word_1_351' title='bbox 646 4494 755 4545; x_wconf 88' lang='lat' dir='ltr'>semper</span> <span class='ocrx_word' id='word_1_352' title='bbox 771 4481 858 4530; x_wconf 83' lang='lat' dir='ltr'>ltaliae</span> <span class='ocrx_word' id='word_1_353' title='bbox 876 4482 1068 4532; x_wconf 85' lang='lat' dir='ltr'>auctoritatem</span> <span class='ocrx_word' id='word_1_354' title='bbox 1082 4483 1157 4547; x_wconf 86' lang='lat' dir='ltr'>passi</span> <span class='ocrx_word' id='word_1_355' title='bbox 1171 4488 1246 4535; x_wconf 82' lang='lat' dir='ltr'>eunt.</span> 
     </span>
    </p>
   </div>
   <div class='ocr_carea' id='block_1_4' title="bbox 0 0 1592 5152">
    <p class='ocr_par' dir='ltr' id='par_1_9' title="bbox 0 0 1592 5152">
     <span class='ocr_line' id='line_1_42' title="bbox 0 0 1592 5152; baseline 0 0"><span class='ocrx_word' id='word_1_356' title='bbox 0 0 1592 5152; x_wconf 95' lang='lat' dir='ltr'> </span> 
     </span>
    </p>
   </div>
  </div>
 </body>
</html>
