3176 5152
629 449 790 516 -er-
888 533 890 538 ,

143 592 391 674 uulnerauit,
415 600 450 665 et
468 591 713 682 bliobelangeli
738 590 1001 682 llapbaelisque
1022 587 1194 683 operibus
1217 607 1269 664 ar-

144 706 276 780 denter
287 708 424 792 studet3
438 706 634 798 aliquando
650 707 756 779 etiam
772 705 1047 777 similitudinem
1063 706 1267 780 inchoatam

145 838 228 892 eum
262 823 441 915 Rapbaele
475 828 669 902 menstrat;
701 820 765 892 sed
799 839 842 912 ex
872 820 998 892 innato
1031 820 1269 893 allactationis

146 936 271 1008 studio
299 956 338 1009 se
366 937 534 1029 expedire
562 954 634 1008 nou
663 935 779 1016 valet,
811 932 983 1006 adversius
1012 934 1109 1025 quod
1137 934 1270 1008 frustra

146 1051 304 1124 luctatur
330 1053 575 1143 bliobelangeli
600 1051 809 1122 auotoritas.
839 1051 916 1120 ‹ln
938 1050 1038 1121 illius
1063 1050 1266 1131 erroribus,

145 1165 305 1258 Corregii
319 1167 536 1260 exemplum,
553 1207 597 1218 -
610 1167 648 1238 iu
664 1165 872 1247 virtutibus,
885 1165 1130 1255 bliebelangeli
1148 1173 1267 1239 notam

146 1281 413 1372 deprehendas.
444 1269 681 1373 »Corregius
709 1288 829 1353 autem
857 1281 995 1352 intimae
1025 1281 1102 1372 eius
1131 1289 1269 1354 naturae

145 1395 265 1483 inest;
293 1417 398 1470 nemo
422 1417 582 1488 unquam
609 1398 815 1468 Parmesani
840 1397 999 1469 tabulam
1024 1415 1133 1468 unam
1158 1396 1265 1483 vidit,

146 1513 237 1601 quin
272 1513 522 1604 cognationem
555 1514 659 1586 istam
690 1511 934 1584 denuntiaret.
971 1511 1041 1583 Sed
1072 1519 1201 1603 praeter
1231 1512 1268 1584 id

146 1627 246 1717 quod
270 1629 308 1698 in
329 1627 391 1698 illo
412 1645 539 1719 genere
560 1645 633 1697 non
651 1627 725 1716 iam
749 1627 887 1716 primus
908 1626 1061 1708 incedit,
1085 1645 1151 1698 nee
1170 1626 1270 1698 decet

146 1741 230 1832 erga
250 1742 449 1834 discipulos
469 1741 593 1814 eadem
614 1740 839 1832 indulgentia
859 1742 931 1831 qua
950 1739 1032 1832 erga
1059 1743 1267 1830 magistrum

147 1859 200 1928 uti
222 1855 285 1952 (l),
305 1858 392 1929 artis
410 1857 515 1928 ruina
532 1876 611 1928 cum
631 1857 692 1927 illo
710 1856 919 1946 praeoipitat.
943 1855 1045 1947 Apud
1064 1857 1267 1948 Cor-regium

148 1979 302 2044 venusta
330 1973 449 2064 operis
475 1972 656 2044 subtilitas
684 1972 831 2042 robusti
854 1988 1088 2062 personarum
1118 1972 1269 2044 salutate

146 2096 347 2169 recreatum
371 2107 452 2178 quae
472 2087 620 2178 uiridem
644 2085 813 2176 tanquam
836 2087 964 2177 agresti
987 2087 1114 2177 spiritu
1136 2095 1169 2158 et
1190 2105 1267 2158 rus·

147 2203 206 2276 lici
239 2203 428 2295 sanguinis
463 2205 579 2276 nitore
612 2203 833 2274 animantur.
870 2201 974 2292 Apud
1012 2202 1267 2272 Parmesanum

146 2317 240 2388 nibil
262 2319 360 2390 aliud
378 2320 451 2408 jam
475 2318 630 2409 reperias
647 2315 754 2406 quam
772 2317 931 2388 insulsas
952 2324 986 2388 et
1006 2317 1150 2407 putidas
1168 2335 1269 2386 mun-

147 2431 269 2503 ditias.
300 2434 400 2522 illius
422 2433 607 2524 Virginuur
632 2434 748 2522 longae
775 2438 809 2502 et
835 2432 961 2502 molles
989 2440 1023 2502 et
1048 2432 1156 2502 nimis
1179 2431 1267 2502 deli-

146 2554 231 2618 cata
260 2547 397 2639 speeies
421 2547 533 2619 multb
561 2547 732 2619 dilierunt
757 2566 778 2617 a
803 2545 989 2635 quadratis
1017 2553 1051 2616 el
1084 2545 1267 2616 «abunda

147 2679 255 2734 earne
280 2664 418 2735 vestitis
443 2691 458 2728 o
483 2664 639 2753 Corregii
669 2662 896 2733 mulieribus
924 2661 1092 2749 Alioquin
1118 2661 1269 2751 impiger

148 2775 298 2868 prorsus
327 2779 515 2870 Corregius
549 2778 707 2849 assiduis
740 2777 870 2848 studiis
900 2795 938 2847 se
967 2776 1090 2850 dedit:
1126 2778 1267 2847 Parme·

147 2910 262 2963 sanus
279 2891 402 2964 contra
420 2894 465 2964 ab
482 2894 732 2965 observatione
748 2900 885 2964 naturae
901 2892 999 2963 brevi
1021 2890 1191 2971 discedit;
1211 2909 1267 2961 res

148 3024 190 3078 en
211 3009 386 3085 memorii
409 3016 471 3081 aut
494 3007 644 3078 artifieio
666 3007 844 3086 delineat,
868 3005 997 3076 ludens
1017 3024 1096 3076 oum
1122 3005 1265 3086 formis,

148 3119 185 3192 id
206 3129 263 3194 est
281 3141 355 3201 eas,
374 3130 413 3194 ul
430 3124 558 3213 placet,
579 3115 760 3196 niolliens.
787 3139 956 3211 rumpens
977 3128 1011 3191 et
1031 3119 1215 3210 subigens.

197 3237 367 3308 Barooius
391 3233 624 3330 (leubilla)
650 3237 796 3306 Ronram
819 3234 864 3306 ad
887 3234 1120 3312 studendum.
1143 3234 1269 3324 uiginti

139 3371 265 3430 ,annos
295 3360 418 3435 natus,
447 3353 556 3443 petit;
584 3353 693 3422 alitur
721 3370 764 3422 ex
791 3350 1036 3440 Micbelaugeli
1067 3340 1265 3440 oper·ibus;

152 3466 277 3560 (fertur
294 3469 398 3539 etiarn
418 3468 695 3558 bliobelangelus
712 3466 989 3537 delineationem
1008 3463 1141 3535 vidisse
1159 3482 1266 3554 quam

147 3599 191 3653 ex
216 3583 317 3653 illius
343 3584 439 3654 Mose
464 3583 613 3664 iecerat,
642 3588 676 3654 ct
697 3581 748 3651 illi
777 3581 991 3672 gratulatum
1014 3575 1119 3672 esse).
1144 3576 1270 3650 Poste'a

148 3697 326 3770 Urbinum
354 3697 463 3778 redit,
486 3698 626 3769 abactas
650 3696 825 3787 quasdam
848 3695 1025 3785 Corregii,
1047 3696 1135 3766 vitro
1158 3695 1268 3766 illitas

178 3915 212 3975 (l)
231 3933 243 3958 u
258 3913 373 3976 Semper
389 3914 460 3976 dico,
473 3927 533 3962 meo
547 3913 657 3974 quidem
669 3913 786 3974 judicie,
799 3913 867 3960 nihil
883 3913 1049 3960 Parmesano
1063 3925 1124 3960 curn
1136 3910 1269 3972 Corregio

148 4007 296 4042 commune
311 4008 384 4056 esse,
399 3994 472 4055 quod
491 3994 581 4054 magni
597 3993 671 4040 illius
693 3992 807 4054 pictoris
824 3993 925 4040 tabulae
942 4006 975 4040 ex
992 3991 1161 4052 cogitatione
1178 3991 1228 4038 sua
1244 3994 1270 4039 et

147 4074 334 4136 intelligentia
349 4079 417 4122 ortae
433 4078 514 4128 sunt„
530 4074 609 4121 Patet
627 4074 702 4120 illurn
720 4073 812 4120 omnia
828 4074 917 4134 capite
934 4087 984 4120 suo
1002 4072 1116 4120 duxisse
1134 4077 1161 4120 et
1176 4085 1225 4133 por
1240 4085 1270 4119 so

148 4153 300 4203 invenisse.
325 4153 365 4200 Ex
392 4167 421 4201 se
441 4165 497 4200 uno
520 4152 635 4213 pendet,
660 4153 736 4200 solus
757 4152 900 4214 proprium
921 4153 1003 4199 habet
1025 4151 1181 4212 ingenium,
1205 4151 1270 4198 dium

148 4234 245 4282 caeteri
260 4235 300 4281 rei
318 4234 426 4281 cuidam
443 4239 582 4280 extraneae
599 4237 684 4279 artem
704 4233 838 4292 fulciunt,
855 4233 899 4280 bic
918 4232 1083 4293 exemplari,
1100 4232 1145 4278 ille
1161 4231 1269 4289 statuis,

148 4315 220 4362 alius
235 4315 392 4376 scalpturis.
412 4313 538 4374 Denique
554 4312 722 4374 effinguntur
738 4317 902 4360 caeterorum
919 4326 1003 4374 opera
1018 4312 1110 4373 qualia
1128 4325 1189 4359 esse
1205 4325 1270 4373 pos-

149 4400 229 4456 sunt,
244 4394 370 4456 Corrcgii
386 4400 477 4442 autem
494 4407 579 4455 opero
594 4398 625 4441 ut
644 4393 736 4453 reipsa
751 4397 824 4440 sunt.
841 4392 908 4440 Rern
924 4393 1037 4455 proesius
1056 4392 1204 4454 explanare
1220 4405 1270 4439 ne-

150 4487 231 4537 queo,
245 4474 295 4522 sed
311 4474 475 4522 sententiam
491 4485 579 4520 meam
594 4471 674 4534 plane
687 4471 846 4533 intelligo.»
862 4471 961 4534 (Epist.
976 4471 1121 4520 Annibalis
1136 4470 1270 4522 Caraocii.

150 4552 292 4615 Malvesia,
313 4555 423 4601 Felsina
442 4553 564 4611 pillrice.
582 4554 599 4599 t.
618 4550 663 4610 ll.)
