<?xml version="1.0" encoding="UTF-8"?>
<!DOCTYPE html PUBLIC "-//W3C//DTD XHTML 1.0 Transitional//EN"
    "http://www.w3.org/TR/xhtml1/DTD/xhtml1-transitional.dtd">
<html xmlns="http://www.w3.org/1999/xhtml" xml:lang="en" lang="en">
 <head>
  <title>
</title>
<meta http-equiv="Content-Type" content="text/html;charset=utf-8" />
  <meta name='ocr-system' content='tesseract 3.04.00' />
  <meta name='ocr-capabilities' content='ocr_page ocr_carea ocr_par ocr_line ocrx_word'/>
</head>
<body>
  <div class='ocr_page' id='page_1' title='image "./curarspicturaea01rollgoog_0129.png"; bbox 0 0 3160 5152; ppageno 0'>
   <div class='ocr_carea' id='block_1_1' title="bbox 595 395 775 460">
    <p class='ocr_par' dir='ltr' id='par_1_1' title="bbox 595 395 775 460">
     <span class='ocr_line' id='line_1_1' title="bbox 595 395 775 460; baseline 0 0"><span class='ocrx_word' id='word_1_1' title='bbox 595 395 775 460; x_wconf 78' lang='lat' dir='ltr'><strong>-tta-</strong></span> 
     </span>
    </p>
   </div>
   <div class='ocr_carea' id='block_1_2' title="bbox 24 524 1249 1086">
    <p class='ocr_par' dir='ltr' id='par_1_2' title="bbox 24 524 1249 1086">
     <span class='ocr_line' id='line_1_2' title="bbox 180 524 1249 630; baseline 0.007 -31"><span class='ocrx_word' id='word_1_2' title='bbox 180 524 267 600; x_wconf 87' lang='lat' dir='ltr'><strong>Tirm</strong></span> <span class='ocrx_word' id='word_1_3' title='bbox 294 548 423 604; x_wconf 85' lang='lat' dir='ltr'><strong>noram</strong></span> <span class='ocrx_word' id='word_1_4' title='bbox 442 532 616 608; x_wconf 90' lang='lat' dir='ltr'><strong>rationem</strong></span> <span class='ocrx_word' id='word_1_5' title='bbox 635 535 806 628; x_wconf 81' lang='lat' dir='ltr'><strong>pingendi</strong></span> <span class='ocrx_word' id='word_1_6' title='bbox 833 535 1020 617; x_wconf 90' lang='lat' dir='ltr'><strong>adsciscit,</strong></span> <span class='ocrx_word' id='word_1_7' title='bbox 1051 531 1249 630; x_wconf 76' lang='lat' dir='ltr'><strong>‹lmanera</strong></span> 
     </span>
     <span class='ocr_line' id='line_1_3' title="bbox 24 629 1248 738; baseline 0.007 -25"><span class='ocrx_word' id='word_1_8' title='bbox 24 629 25 642; x_wconf 16' lang='grc' dir='ltr'><strong><em>Ν</em></strong></span> <span class='ocrx_word' id='word_1_9' title='bbox 128 641 332 730; x_wconf 80' lang='lat' dir='ltr'><strong>abreviadal</strong></span> <span class='ocrx_word' id='word_1_10' title='bbox 349 675 390 730; x_wconf 84' lang='lat'><strong>,»</strong></span> <span class='ocrx_word' id='word_1_11' title='bbox 413 650 485 738; x_wconf 78' lang='lat' dir='ltr'><strong>qua</strong></span> <span class='ocrx_word' id='word_1_12' title='bbox 507 650 627 721; x_wconf 91' lang='lat' dir='ltr'><strong>statim</strong></span> <span class='ocrx_word' id='word_1_13' title='bbox 652 658 688 722; x_wconf 97' lang='lat' dir='ltr'><strong>et</strong></span> <span class='ocrx_word' id='word_1_14' title='bbox 712 651 919 723; x_wconf 79' lang='lat' dir='ltr'><strong>summatim</strong></span> <span class='ocrx_word' id='word_1_15' title='bbox 946 669 1018 724; x_wconf 91' lang='lat' dir='ltr'><strong>rem</strong></span> <span class='ocrx_word' id='word_1_16' title='bbox 1046 669 1157 724; x_wconf 90' lang='lat' dir='ltr'><strong>sensu</strong></span> <span class='ocrx_word' id='word_1_17' title='bbox 1181 650 1248 721; x_wconf 91' lang='lat' dir='ltr'><strong>im·</strong></span> 
     </span>
     <span class='ocr_line' id='line_1_4' title="bbox 128 761 1249 856; baseline 0.007 -28"><span class='ocrx_word' id='word_1_18' title='bbox 128 775 290 847; x_wconf 80' lang='lat' dir='ltr'><strong>pressam</strong></span> <span class='ocrx_word' id='word_1_19' title='bbox 321 761 469 835; x_wconf 80' lang='lat' dir='ltr'>reddere</span> <span class='ocrx_word' id='word_1_20' title='bbox 496 771 663 846; x_wconf 70' lang='lat' dir='ltr'><strong>conatum</strong></span> <span class='ocrx_word' id='word_1_21' title='bbox 693 783 848 856; x_wconf 83' lang='lat' dir='ltr'><strong>quaeque</strong></span> <span class='ocrx_word' id='word_1_22' title='bbox 880 784 951 836; x_wconf 93' lang='lat' dir='ltr'><strong>non</strong></span> <span class='ocrx_word' id='word_1_23' title='bbox 980 763 1095 838; x_wconf 85' lang='lat' dir='ltr'><strong>solinu</strong></span> <span class='ocrx_word' id='word_1_24' title='bbox 1123 765 1168 836; x_wconf 90' lang='lat' dir='ltr'><strong>ad</strong></span> <span class='ocrx_word' id='word_1_25' title='bbox 1194 765 1249 836; x_wconf 92' lang='lat' dir='ltr'><strong>ui-</strong></span> 
     </span>
     <span class='ocr_line' id='line_1_5' title="bbox 129 873 1248 966; baseline 0.008 -24"><span class='ocrx_word' id='word_1_26' title='bbox 129 873 236 945; x_wconf 90' lang='lat' dir='ltr'><strong>miam</strong></span> <span class='ocrx_word' id='word_1_27' title='bbox 260 877 483 966; x_wconf 83' lang='lat' dir='ltr'><strong>negotiorum</strong></span> <span class='ocrx_word' id='word_1_28' title='bbox 504 897 623 950; x_wconf 89' lang='lat' dir='ltr'><strong>curam</strong></span> <span class='ocrx_word' id='word_1_29' title='bbox 649 880 835 954; x_wconf 78' lang='lat' dir='ltr'><strong>referenda</strong></span> <span class='ocrx_word' id='word_1_30' title='bbox 859 888 930 962; x_wconf 90' lang='lat' dir='ltr'><strong>est,</strong></span> <span class='ocrx_word' id='word_1_31' title='bbox 960 881 1023 952; x_wconf 89' lang='lat' dir='ltr'><strong>sed</strong></span> <span class='ocrx_word' id='word_1_32' title='bbox 1054 899 1096 952; x_wconf 85' lang='lat' dir='ltr'><strong>ex</strong></span> <span class='ocrx_word' id='word_1_33' title='bbox 1123 880 1248 951; x_wconf 89' lang='lat' dir='ltr'><strong>innato</strong></span> 
     </span>
     <span class='ocr_line' id='line_1_6' title="bbox 128 986 1245 1086; baseline 0.007 -30"><span class='ocrx_word' id='word_1_34' title='bbox 128 986 264 1078; x_wconf 80' lang='lat' dir='ltr'><strong>ingenii</strong></span> <span class='ocrx_word' id='word_1_35' title='bbox 285 990 464 1064; x_wconf 90' lang='lat' dir='ltr'><strong>desiderio</strong></span> <span class='ocrx_word' id='word_1_36' title='bbox 484 993 609 1068; x_wconf 89' lang='lat' dir='ltr'><strong>oritur.</strong></span> <span class='ocrx_word' id='word_1_37' title='bbox 636 995 777 1067; x_wconf 75' lang='lat' dir='ltr'><strong>Divitiis</strong></span> <span class='ocrx_word' id='word_1_38' title='bbox 796 996 892 1066; x_wconf 89' lang='lat' dir='ltr'><strong>enim</strong></span> <span class='ocrx_word' id='word_1_39' title='bbox 913 995 1025 1086; x_wconf 89' lang='lat' dir='ltr'><strong>partis</strong></span> <span class='ocrx_word' id='word_1_40' title='bbox 1046 993 1245 1075; x_wconf 87' lang='lat' dir='ltr'><strong>conlidens,</strong></span> 
     </span>
    </p>
   </div>
   <div class='ocr_carea' id='block_1_3' title="bbox 22 1102 1249 1428">
    <p class='ocr_par' dir='ltr' id='par_1_3' title="bbox 22 1102 1249 1428">
     <span class='ocr_line' id='line_1_7' title="bbox 23 1102 1248 1204; baseline 0.007 -32"><span class='ocrx_word' id='word_1_41' title='bbox 23 1173 24 1204; x_wconf 17' lang='grc' dir='ltr'>ἶ</span> <span class='ocrx_word' id='word_1_42' title='bbox 128 1102 343 1178; x_wconf 84' lang='lat' dir='ltr'><strong>exhibendae</strong></span> <span class='ocrx_word' id='word_1_43' title='bbox 387 1108 555 1180; x_wconf 79' lang='lat' dir='ltr'><strong>facilioris</strong></span> <span class='ocrx_word' id='word_1_44' title='bbox 600 1110 759 1182; x_wconf 73' lang='lat' dir='ltr'><strong>scientim</strong></span> <span class='ocrx_word' id='word_1_45' title='bbox 798 1110 1030 1193; x_wconf 90' lang='lat' dir='ltr'><strong>lastidiosus,</strong></span> <span class='ocrx_word' id='word_1_46' title='bbox 1082 1127 1248 1182; x_wconf 80' lang='lat' dir='ltr'><strong>sermone</strong></span> 
     </span>
     <span class='ocr_line' id='line_1_8' title="bbox 22 1216 1247 1318; baseline 0.007 -30"><span class='ocrx_word' id='word_1_47' title='bbox 22 1260 23 1314; x_wconf 49' lang='lat' dir='ltr'><strong>p</strong></span> <span class='ocrx_word' id='word_1_48' title='bbox 129 1216 261 1310; x_wconf 83' lang='lat' dir='ltr'><strong>saepiirs</strong></span> <span class='ocrx_word' id='word_1_49' title='bbox 281 1221 407 1295; x_wconf 87' lang='lat' dir='ltr'><strong>iterato</strong></span> <span class='ocrx_word' id='word_1_50' title='bbox 425 1225 601 1306; x_wconf 84' lang='lat' dir='ltr'><strong>delesses,</strong></span> <span class='ocrx_word' id='word_1_51' title='bbox 620 1226 726 1298; x_wconf 88' lang='lat' dir='ltr'><strong>breve</strong></span> <span class='ocrx_word' id='word_1_52' title='bbox 745 1227 841 1307; x_wconf 92' lang='lat' dir='ltr'><strong>lacit,</strong></span> <span class='ocrx_word' id='word_1_53' title='bbox 859 1227 983 1318; x_wconf 79' lang='lat' dir='ltr'><strong>paucis</strong></span> <span class='ocrx_word' id='word_1_54' title='bbox 999 1233 1035 1297; x_wconf 92' lang='lat' dir='ltr'><strong>et</strong></span> <span class='ocrx_word' id='word_1_55' title='bbox 1053 1226 1247 1298; x_wconf 81' lang='lat' dir='ltr'><strong>subsultim</strong></span> 
     </span>
     <span class='ocr_line' id='line_1_9' title="bbox 22 1329 1249 1428; baseline 0.007 -26"><span class='ocrx_word' id='word_1_56' title='bbox 22 1329 23 1336; x_wconf 68' lang='lat'><em>&#39;</em></span> <span class='ocrx_word' id='word_1_57' title='bbox 127 1331 294 1418; x_wconf 89' lang='lat' dir='ltr'><strong>absolvit,</strong></span> <span class='ocrx_word' id='word_1_58' title='bbox 325 1356 443 1410; x_wconf 90' lang='lat' dir='ltr'><strong>rerum</strong></span> <span class='ocrx_word' id='word_1_59' title='bbox 468 1339 695 1412; x_wconf 80' lang='lat' dir='ltr'><strong>solummodo</strong></span> <span class='ocrx_word' id='word_1_60' title='bbox 720 1359 898 1412; x_wconf 89' lang='lat' dir='ltr'><strong>summam</strong></span> <span class='ocrx_word' id='word_1_61' title='bbox 927 1349 1078 1422; x_wconf 91' lang='lat' dir='ltr'><strong>notans,</strong></span> <span class='ocrx_word' id='word_1_62' title='bbox 1108 1340 1146 1412; x_wconf 92' lang='lat' dir='ltr'><strong>in</strong></span> <span class='ocrx_word' id='word_1_63' title='bbox 1177 1340 1249 1428; x_wconf 78' lang='lat' dir='ltr'><strong>qud</strong></span> 
     </span>
    </p>
   </div>
   <div class='ocr_carea' id='block_1_4' title="bbox 128 1448 1249 1644">
    <p class='ocr_par' dir='ltr' id='par_1_4' title="bbox 22 1445 1249 1644">
     <span class='ocr_line' id='line_1_10' title="bbox 128 1448 1249 1545; baseline 0.007 -28.309"><span class='ocrx_word' id='word_1_64' title='bbox 128 1453 202 1518; x_wconf 89' lang='lat' dir='ltr'><strong>tota</strong></span> <span class='ocrx_word' id='word_1_65' title='bbox 222 1448 363 1524; x_wconf 90' lang='lat' dir='ltr'><strong>indoles</strong></span> <span class='ocrx_word' id='word_1_66' title='bbox 383 1457 579 1526; x_wconf 86' lang='lat' dir='ltr'><strong>resumitur</strong></span> <span class='ocrx_word' id='word_1_67' title='bbox 598 1463 633 1528; x_wconf 92' lang='lat' dir='ltr'><strong>et</strong></span> <span class='ocrx_word' id='word_1_68' title='bbox 659 1457 883 1528; x_wconf 88' lang='lat' dir='ltr'><strong>contrabitur</strong></span> <span class='ocrx_word' id='word_1_69' title='bbox 908 1457 1012 1529; x_wconf 90' lang='lat' dir='ltr'><strong>actio.</strong></span> <span class='ocrx_word' id='word_1_70' title='bbox 1043 1454 1146 1541; x_wconf 85' lang='lat' dir='ltr'><strong>Quod</strong></span> <span class='ocrx_word' id='word_1_71' title='bbox 1172 1454 1249 1545; x_wconf 89' lang='lat' dir='ltr'><strong>qui·</strong></span> 
     </span>
     <span class='ocr_line' id='line_1_11' title="bbox 128 1561 1247 1644; baseline 0.009 -12"><span class='ocrx_word' id='word_1_72' title='bbox 128 1561 209 1634; x_wconf 90' lang='lat' dir='ltr'><strong>dem</strong></span> <span class='ocrx_word' id='word_1_73' title='bbox 232 1566 299 1638; x_wconf 94' lang='lat' dir='ltr'><strong>etsi</strong></span> <span class='ocrx_word' id='word_1_74' title='bbox 328 1568 574 1643; x_wconf 77' lang='lat' dir='ltr'><strong>incredibilem</strong></span> <span class='ocrx_word' id='word_1_75' title='bbox 596 1572 632 1643; x_wconf 92' lang='lat' dir='ltr'><strong>in</strong></span> <span class='ocrx_word' id='word_1_76' title='bbox 657 1573 723 1644; x_wconf 81' lang='lat' dir='ltr'><strong>hac</strong></span> <span class='ocrx_word' id='word_1_77' title='bbox 745 1574 801 1643; x_wconf 81' lang='lat' dir='ltr'><strong>via</strong></span> <span class='ocrx_word' id='word_1_78' title='bbox 827 1572 896 1644; x_wconf 84' lang='lat' dir='ltr'><strong>vim</strong></span> <span class='ocrx_word' id='word_1_79' title='bbox 922 1579 958 1644; x_wconf 93' lang='lat' dir='ltr'><strong>et</strong></span> <span class='ocrx_word' id='word_1_80' title='bbox 979 1571 1160 1644; x_wconf 89' lang='lat' dir='ltr'><strong>solertiam</strong></span> <span class='ocrx_word' id='word_1_81' title='bbox 1182 1571 1247 1642; x_wconf 90' lang='lat' dir='ltr'><strong>Vc·</strong></span> 
     </span>
    </p>
   </div>
   <div class='ocr_carea' id='block_1_5' title="bbox 22 1667 1290 1894">
    <p class='ocr_par' dir='ltr' id='par_1_5' title="bbox 22 1667 1290 1894">
     <span class='ocr_line' id='line_1_12' title="bbox 22 1667 1290 1778; baseline 0.006 -29"><span class='ocrx_word' id='word_1_82' title='bbox 22 1667 24 1684; x_wconf 78' lang='lat'><em>&#39;</em></span> <span class='ocrx_word' id='word_1_83' title='bbox 129 1677 274 1769; x_wconf 85' lang='lat' dir='ltr'><strong>lasquez</strong></span> <span class='ocrx_word' id='word_1_84' title='bbox 302 1684 491 1768; x_wconf 88' lang='lat' dir='ltr'><strong>adhibeat,</strong></span> <span class='ocrx_word' id='word_1_85' title='bbox 522 1685 610 1760; x_wconf 79' lang='lat' dir='ltr'><strong>san&#39;e</strong></span> <span class='ocrx_word' id='word_1_86' title='bbox 635 1689 875 1778; x_wconf 91' lang='lat' dir='ltr'><strong>periculosum</strong></span> <span class='ocrx_word' id='word_1_87' title='bbox 905 1696 979 1768; x_wconf 91' lang='lat' dir='ltr'><strong>est,</strong></span> <span class='ocrx_word' id='word_1_88' title='bbox 1007 1695 1041 1760; x_wconf 94' lang='lat' dir='ltr'><strong>et</strong></span> <span class='ocrx_word' id='word_1_89' title='bbox 1070 1685 1247 1777; x_wconf 88' lang='lat' dir='ltr'><strong>propioris</strong></span> <span class='ocrx_word' id='word_1_90' title='bbox 1288 1677 1290 1682; x_wconf 76' lang='grc'><strong>’</strong></span> 
     </span>
     <span class='ocr_line' id='line_1_13' title="bbox 22 1795 1244 1894; baseline 0.012 -31"><span class='ocrx_word' id='word_1_91' title='bbox 22 1839 23 1846; x_wconf 21' lang='grc' dir='ltr'><strong><em>κ</em></strong></span> <span class='ocrx_word' id='word_1_92' title='bbox 129 1795 1244 1894; x_wconf 80' lang='lat' dir='ltr'><strong>ruinaepraenuntium:eminetenimsimplicitatislastidium.</strong></span> 
     </span>
    </p>
   </div>
   <div class='ocr_carea' id='block_1_6' title="bbox 21 1916 1250 2702">
    <p class='ocr_par' dir='ltr' id='par_1_6' title="bbox 21 1897 1247 2122">
     <span class='ocr_line' id='line_1_14' title="bbox 129 1916 1247 2010; baseline 0.007 -31.295"><span class='ocrx_word' id='word_1_93' title='bbox 129 1919 267 1984; x_wconf 90' lang='lat' dir='ltr'><strong>naturae</strong></span> <span class='ocrx_word' id='word_1_94' title='bbox 286 1916 432 1989; x_wconf 90' lang='lat' dir='ltr'><strong>satietas</strong></span> <span class='ocrx_word' id='word_1_95' title='bbox 459 1916 527 2010; x_wconf 87' lang='lat' dir='ltr'><strong>(l),</strong></span> <span class='ocrx_word' id='word_1_96' title='bbox 559 1926 594 1990; x_wconf 93' lang='lat' dir='ltr'><strong>et</strong></span> <span class='ocrx_word' id='word_1_97' title='bbox 614 1919 798 1990; x_wconf 88' lang='lat' dir='ltr'><strong>brevitatis</strong></span> <span class='ocrx_word' id='word_1_98' title='bbox 828 1918 971 2002; x_wconf 89' lang='lat' dir='ltr'><strong>tandem</strong></span> <span class='ocrx_word' id='word_1_99' title='bbox 994 1918 1153 1990; x_wconf 93' lang='lat' dir='ltr'><strong>studium</strong></span> <span class='ocrx_word' id='word_1_100' title='bbox 1175 1935 1247 2006; x_wconf 85' lang='lat' dir='ltr'><strong>quo</strong></span> 
     </span>
     <span class='ocr_line' id='line_1_15' title="bbox 21 2024 747 2122; baseline 0.014 -28"><span class='ocrx_word' id='word_1_101' title='bbox 21 2089 22 2122; x_wconf 26' lang='grc' dir='ltr'>ι</span> <span class='ocrx_word' id='word_1_102' title='bbox 130 2024 283 2117; x_wconf 87' lang='lat' dir='ltr'><strong>hispana</strong></span> <span class='ocrx_word' id='word_1_103' title='bbox 306 2030 442 2120; x_wconf 88' lang='lat' dir='ltr'><strong>pictura</strong></span> <span class='ocrx_word' id='word_1_104' title='bbox 462 2052 544 2105; x_wconf 82' lang='lat' dir='ltr'><strong>mox</strong></span> <span class='ocrx_word' id='word_1_105' title='bbox 561 2033 747 2107; x_wconf 86' lang='lat' dir='ltr'><strong>afficietur.</strong></span> 
     </span>
    </p>

    <p class='ocr_par' dir='ltr' id='par_1_7' title="bbox 21 2141 1250 2702">
     <span class='ocr_line' id='line_1_16' title="bbox 21 2141 1249 2242; baseline 0.003 -31"><span class='ocrx_word' id='word_1_106' title='bbox 21 2202 22 2224; x_wconf 73' lang='lat'><strong>,</strong></span> <span class='ocrx_word' id='word_1_107' title='bbox 177 2141 232 2212; x_wconf 82' lang='grc'><strong>1111</strong></span> <span class='ocrx_word' id='word_1_108' title='bbox 249 2143 328 2235; x_wconf 86' lang='lat' dir='ltr'><strong>ipso</strong></span> <span class='ocrx_word' id='word_1_109' title='bbox 344 2147 486 2220; x_wconf 87' lang='lat' dir='ltr'><strong>Murillo</strong></span> <span class='ocrx_word' id='word_1_110' title='bbox 511 2147 760 2242; x_wconf 84' lang='grc'><strong>(1618-1681),</strong></span> <span class='ocrx_word' id='word_1_111' title='bbox 778 2148 986 2239; x_wconf 77' lang='lat' dir='ltr'><strong>quanquam</strong></span> <span class='ocrx_word' id='word_1_112' title='bbox 1004 2149 1064 2219; x_wconf 90' lang='lat' dir='ltr'><strong>ille</strong></span> <span class='ocrx_word' id='word_1_113' title='bbox 1083 2145 1249 2218; x_wconf 90' lang='lat' dir='ltr'><strong>lamiliari</strong></span> 
     </span>
     <span class='ocr_line' id='line_1_17' title="bbox 21 2241 1250 2356; baseline 0.005 -30"><span class='ocrx_word' id='word_1_114' title='bbox 21 2241 22 2254; x_wconf 61' lang='lat'><em>&#39;</em></span> <span class='ocrx_word' id='word_1_115' title='bbox 130 2262 165 2326; x_wconf 95' lang='lat' dir='ltr'><strong>et</strong></span> <span class='ocrx_word' id='word_1_116' title='bbox 186 2259 322 2347; x_wconf 90' lang='lat' dir='ltr'><strong>poetico</strong></span> <span class='ocrx_word' id='word_1_117' title='bbox 348 2264 501 2336; x_wconf 83' lang='lat' dir='ltr'><strong>candore</strong></span> <span class='ocrx_word' id='word_1_118' title='bbox 527 2264 732 2356; x_wconf 83' lang='lat' dir='ltr'><strong>diligendus</strong></span> <span class='ocrx_word' id='word_1_119' title='bbox 753 2263 946 2337; x_wconf 83' lang='lat' dir='ltr'><strong>admodum</strong></span> <span class='ocrx_word' id='word_1_120' title='bbox 974 2272 1045 2349; x_wconf 93' lang='lat' dir='ltr'><strong>est,</strong></span> <span class='ocrx_word' id='word_1_121' title='bbox 1076 2264 1161 2334; x_wconf 82' lang='lat' dir='ltr'><strong>vitia</strong></span> <span class='ocrx_word' id='word_1_122' title='bbox 1180 2262 1250 2332; x_wconf 91' lang='lat' dir='ltr'><strong>isla</strong></span> 
     </span>
     <span class='ocr_line' id='line_1_18' title="bbox 130 2375 1249 2472; baseline 0.004 -29"><span class='ocrx_word' id='word_1_123' title='bbox 130 2386 343 2465; x_wconf 89' lang='lat' dir='ltr'><strong>erumpunt,</strong></span> <span class='ocrx_word' id='word_1_124' title='bbox 377 2380 601 2453; x_wconf 86' lang='lat' dir='ltr'><strong>videlicelin</strong></span> <span class='ocrx_word' id='word_1_125' title='bbox 630 2380 922 2472; x_wconf 69' lang='lat' dir='ltr'><strong>disciplinalem</strong></span> <span class='ocrx_word' id='word_1_126' title='bbox 953 2380 1125 2452; x_wconf 91' lang='lat' dir='ltr'><strong>solutiore</strong></span> <span class='ocrx_word' id='word_1_127' title='bbox 1156 2375 1249 2469; x_wconf 89' lang='lat' dir='ltr'><strong>(vide</strong></span> 
     </span>
     <span class='ocr_line' id='line_1_19' title="bbox 130 2487 1248 2587; baseline 0.008 -31"><span class='ocrx_word' id='word_1_128' title='bbox 130 2487 228 2560; x_wconf 89' lang='lat' dir='ltr'><strong>illius</strong></span> <span class='ocrx_word' id='word_1_129' title='bbox 259 2496 536 2587; x_wconf 79' lang='lat' dir='ltr'><strong>extemporalem</strong></span> <span class='ocrx_word' id='word_1_130' title='bbox 562 2503 596 2568; x_wconf 93' lang='lat' dir='ltr'><strong>et</strong></span> <span class='ocrx_word' id='word_1_131' title='bbox 620 2514 846 2568; x_wconf 89' lang='lat' dir='ltr'><strong>communem</strong></span> <span class='ocrx_word' id='word_1_132' title='bbox 875 2495 912 2566; x_wconf 91' lang='lat' dir='ltr'><strong>in</strong></span> <span class='ocrx_word' id='word_1_133' title='bbox 936 2495 1050 2585; x_wconf 82' lang='lat' dir='ltr'><strong>jussis</strong></span> <span class='ocrx_word' id='word_1_134' title='bbox 1078 2492 1248 2583; x_wconf 87' lang='lat' dir='ltr'><strong>operibus</strong></span> 
     </span>
     <span class='ocr_line' id='line_1_20' title="bbox 131 2602 1247 2702; baseline 0.004 -30"><span class='ocrx_word' id='word_1_135' title='bbox 131 2602 369 2702; x_wconf 78' lang='lat' dir='ltr'><strong>iacilitatom),</strong></span> <span class='ocrx_word' id='word_1_136' title='bbox 397 2612 433 2682; x_wconf 92' lang='lat' dir='ltr'><strong>in</strong></span> <span class='ocrx_word' id='word_1_137' title='bbox 461 2612 613 2682; x_wconf 80' lang='lat' dir='ltr'><strong>mollitia</strong></span> <span class='ocrx_word' id='word_1_138' title='bbox 635 2610 681 2682; x_wconf 90' lang='lat' dir='ltr'><strong>ad</strong></span> <span class='ocrx_word' id='word_1_139' title='bbox 706 2611 951 2702; x_wconf 90' lang='lat' dir='ltr'><strong>accipiendam</strong></span> <span class='ocrx_word' id='word_1_140' title='bbox 979 2609 1247 2702; x_wconf 79' lang='lat' dir='ltr'><strong>peregrinorum</strong></span> 
     </span>
    </p>
   </div>
   <div class='ocr_carea' id='block_1_7' title="bbox 129 2723 1245 2819">
    <p class='ocr_par' dir='ltr' id='par_1_8' title="bbox 20 2713 1245 2819">
     <span class='ocr_line' id='line_1_21' title="bbox 129 2723 1245 2819; baseline 0.011 -37.843"><span class='ocrx_word' id='word_1_141' title='bbox 129 2723 389 2805; x_wconf 88' lang='lat' dir='ltr'><strong>auctoritatem,</strong></span> <span class='ocrx_word' id='word_1_142' title='bbox 413 2725 606 2819; x_wconf 83' lang='lat' dir='ltr'><strong>(quomodo</strong></span> <span class='ocrx_word' id='word_1_143' title='bbox 621 2726 665 2798; x_wconf 90' lang='lat' dir='ltr'><strong>ad</strong></span> <span class='ocrx_word' id='word_1_144' title='bbox 685 2725 907 2818; x_wconf 90' lang='lat' dir='ltr'><strong>probandam</strong></span> <span class='ocrx_word' id='word_1_145' title='bbox 928 2723 1113 2816; x_wconf 81' lang='lat' dir='ltr'><strong>Belgarum</strong></span> <span class='ocrx_word' id='word_1_146' title='bbox 1135 2731 1245 2796; x_wconf 90' lang='lat' dir='ltr'><strong>artem</strong></span> 
     </span>
    </p>
   </div>
   <div class='ocr_carea' id='block_1_8' title="bbox 130 2837 1245 2932">
    <p class='ocr_par' dir='ltr' id='par_1_9' title="bbox 130 2837 1245 2932">
     <span class='ocr_line' id='line_1_22' title="bbox 130 2837 1245 2932; baseline 0.008 -30"><span class='ocrx_word' id='word_1_147' title='bbox 130 2852 151 2902; x_wconf 90' lang='lat' dir='ltr'><strong>a</strong></span> <span class='ocrx_word' id='word_1_148' title='bbox 171 2837 337 2930; x_wconf 87' lang='lat' dir='ltr'><strong>Petrode</strong></span> <span class='ocrx_word' id='word_1_149' title='bbox 356 2843 448 2932; x_wconf 87' lang='lat' dir='ltr'><strong>lllojo</strong></span> <span class='ocrx_word' id='word_1_150' title='bbox 468 2843 684 2923; x_wconf 66' lang='lat' dir='ltr'><strong>concitatum</strong></span> <span class='ocrx_word' id='word_1_151' title='bbox 710 2842 929 2912; x_wconf 89' lang='lat' dir='ltr'><strong>imitationes</strong></span> <span class='ocrx_word' id='word_1_152' title='bbox 945 2839 1093 2925; x_wconf 87' lang='lat' dir='ltr'><strong>Titiani,</strong></span> <span class='ocrx_word' id='word_1_153' title='bbox 1117 2841 1153 2909; x_wconf 91' lang='lat' dir='ltr'><strong>P.</strong></span> <span class='ocrx_word' id='word_1_154' title='bbox 1177 2840 1245 2911; x_wconf 90' lang='lat' dir='ltr'><strong>Ve-</strong></span> 
     </span>
    </p>
   </div>
   <div class='ocr_carea' id='block_1_9' title="bbox 20 2949 1247 3278">
    <p class='ocr_par' dir='ltr' id='par_1_10' title="bbox 20 2949 1247 3278">
     <span class='ocr_line' id='line_1_23' title="bbox 20 2949 1246 3048; baseline 0.004 -29"><span class='ocrx_word' id='word_1_155' title='bbox 20 3001 21 3032; x_wconf 73' lang='grc'><strong>,</strong></span> <span class='ocrx_word' id='word_1_156' title='bbox 131 2955 310 3036; x_wconf 86' lang='lat' dir='ltr'><strong>mucosis,</strong></span> <span class='ocrx_word' id='word_1_157' title='bbox 334 2957 530 3035; x_wconf 84' lang='lat' dir='ltr'><strong>Rubentis,</strong></span> <span class='ocrx_word' id='word_1_158' title='bbox 560 2957 706 3029; x_wconf 76' lang='lat' dir='ltr'><strong>antonii</strong></span> <span class='ocrx_word' id='word_1_159' title='bbox 729 2976 795 3027; x_wconf 85' lang='lat' dir='ltr'><strong>ran</strong></span> <span class='ocrx_word' id='word_1_160' title='bbox 817 2953 934 3048; x_wconf 80' lang='lat' dir='ltr'><strong>Dyck&#39;,</strong></span> <span class='ocrx_word' id='word_1_161' title='bbox 957 2949 1181 3046; x_wconf 81' lang='lat' dir='ltr'><strong>Velasquez),</strong></span> <span class='ocrx_word' id='word_1_162' title='bbox 1207 2952 1246 3024; x_wconf 93' lang='lat' dir='ltr'><strong>in</strong></span> 
     </span>
     <span class='ocr_line' id='line_1_24' title="bbox 20 3067 1247 3162; baseline 0.002 -26"><span class='ocrx_word' id='word_1_163' title='bbox 20 3157 21 3160; x_wconf 4' lang='lat' dir='ltr'><strong>p</strong></span> <span class='ocrx_word' id='word_1_164' title='bbox 130 3067 243 3138; x_wconf 81' lang='lat' dir='ltr'><strong>nimia</strong></span> <span class='ocrx_word' id='word_1_165' title='bbox 262 3072 488 3143; x_wconf 90' lang='lat' dir='ltr'><strong>cunctatione</strong></span> <span class='ocrx_word' id='word_1_166' title='bbox 507 3072 552 3142; x_wconf 88' lang='lat' dir='ltr'><strong>ad</strong></span> <span class='ocrx_word' id='word_1_167' title='bbox 579 3072 779 3162; x_wconf 80' lang='lat' dir='ltr'><strong>agendum,</strong></span> <span class='ocrx_word' id='word_1_168' title='bbox 809 3078 843 3143; x_wconf 91' lang='lat' dir='ltr'><strong>et</strong></span> <span class='ocrx_word' id='word_1_169' title='bbox 862 3078 1065 3161; x_wconf 90' lang='lat' dir='ltr'><strong>computato</strong></span> <span class='ocrx_word' id='word_1_170' title='bbox 1087 3069 1247 3140; x_wconf 84' lang='lat' dir='ltr'><strong>diversa-</strong></span> 
     </span>
     <span class='ocr_line' id='line_1_25' title="bbox 20 3182 1246 3278; baseline 0.003 -26"><span class='ocrx_word' id='word_1_171' title='bbox 20 3209 21 3246; x_wconf 74' lang='grc'>;</span> <span class='ocrx_word' id='word_1_172' title='bbox 130 3201 206 3252; x_wconf 91' lang='lat' dir='ltr'><strong>rum</strong></span> <span class='ocrx_word' id='word_1_173' title='bbox 231 3185 434 3258; x_wconf 88' lang='lat' dir='ltr'><strong>scholarum</strong></span> <span class='ocrx_word' id='word_1_174' title='bbox 450 3195 753 3278; x_wconf 89' lang='lat' dir='ltr'><strong>temperamenlo;</strong></span> <span class='ocrx_word' id='word_1_175' title='bbox 780 3185 959 3258; x_wconf 85' lang='lat' dir='ltr'><strong>interdum</strong></span> <span class='ocrx_word' id='word_1_176' title='bbox 981 3186 1087 3258; x_wconf 89' lang='lat' dir='ltr'><strong>eliam</strong></span> <span class='ocrx_word' id='word_1_177' title='bbox 1110 3185 1147 3254; x_wconf 91' lang='lat' dir='ltr'><strong>in</strong></span> <span class='ocrx_word' id='word_1_178' title='bbox 1168 3182 1246 3256; x_wconf 85' lang='lat' dir='ltr'><strong>efle-</strong></span> 
     </span>
    </p>
   </div>
   <div class='ocr_carea' id='block_1_10' title="bbox 131 3298 1247 3392">
    <p class='ocr_par' dir='ltr' id='par_1_11' title="bbox 131 3298 1247 3392">
     <span class='ocr_line' id='line_1_26' title="bbox 131 3298 1247 3392; baseline -0.001 -23"><span class='ocrx_word' id='word_1_179' title='bbox 131 3301 265 3371; x_wconf 80' lang='lat' dir='ltr'><strong>minala</strong></span> <span class='ocrx_word' id='word_1_180' title='bbox 283 3309 317 3373; x_wconf 91' lang='lat' dir='ltr'><strong>et</strong></span> <span class='ocrx_word' id='word_1_181' title='bbox 335 3302 513 3392; x_wconf 89' lang='lat' dir='ltr'><strong>putidiore</strong></span> <span class='ocrx_word' id='word_1_182' title='bbox 533 3303 631 3373; x_wconf 92' lang='lat' dir='ltr'><strong>illius</strong></span> <span class='ocrx_word' id='word_1_183' title='bbox 653 3304 802 3374; x_wconf 89' lang='lat' dir='ltr'><strong>ratione.</strong></span> <span class='ocrx_word' id='word_1_184' title='bbox 828 3302 910 3372; x_wconf 89' lang='lat' dir='ltr'><strong>Post</strong></span> <span class='ocrx_word' id='word_1_185' title='bbox 930 3301 1030 3371; x_wconf 91' lang='lat' dir='ltr'><strong>illum</strong></span> <span class='ocrx_word' id='word_1_186' title='bbox 1052 3306 1169 3370; x_wconf 88' lang='lat' dir='ltr'><strong>autern</strong></span> <span class='ocrx_word' id='word_1_187' title='bbox 1189 3298 1247 3369; x_wconf 96' lang='lat' dir='ltr'><strong>in-</strong></span> 
     </span>
    </p>
   </div>
   <div class='ocr_carea' id='block_1_11' title="bbox 20 3411 1245 3506">
    <p class='ocr_par' dir='ltr' id='par_1_12' title="bbox 20 3411 1245 3506">
     <span class='ocr_line' id='line_1_27' title="bbox 20 3411 1245 3506; baseline -0.001 -22"><span class='ocrx_word' id='word_1_188' title='bbox 20 3459 21 3498; x_wconf 47' lang='lat'><strong>,</strong></span> <span class='ocrx_word' id='word_1_189' title='bbox 131 3415 229 3485; x_wconf 90' lang='lat' dir='ltr'><strong>sulsa</strong></span> <span class='ocrx_word' id='word_1_190' title='bbox 245 3424 281 3487; x_wconf 91' lang='lat' dir='ltr'><strong>et</strong></span> <span class='ocrx_word' id='word_1_191' title='bbox 297 3416 470 3487; x_wconf 88' lang='lat' dir='ltr'><strong>melliflua</strong></span> <span class='ocrx_word' id='word_1_192' title='bbox 489 3411 713 3488; x_wconf 87' lang='lat' dir='ltr'><strong>concinnitas</strong></span> <span class='ocrx_word' id='word_1_193' title='bbox 734 3417 909 3506; x_wconf 88' lang='lat' dir='ltr'><strong>picturam</strong></span> <span class='ocrx_word' id='word_1_194' title='bbox 926 3413 1075 3486; x_wconf 91' lang='lat' dir='ltr'><strong>omninb</strong></span> <span class='ocrx_word' id='word_1_195' title='bbox 1094 3413 1245 3485; x_wconf 88' lang='lat' dir='ltr'><strong>invadit.</strong></span> 
     </span>
    </p>
   </div>
   <div class='ocr_carea' id='block_1_12' title="bbox 131 3528 1249 3738">
    <p class='ocr_par' dir='ltr' id='par_1_13' title="bbox 20 3509 1249 3738">
     <span class='ocr_line' id='line_1_28' title="bbox 131 3528 1247 3620; baseline -0.003 -18.362"><span class='ocrx_word' id='word_1_196' title='bbox 131 3529 299 3602; x_wconf 78' lang='lat' dir='ltr'><strong>dilectata</strong></span> <span class='ocrx_word' id='word_1_197' title='bbox 325 3530 526 3614; x_wconf 88' lang='lat' dir='ltr'><strong>subtilitas,</strong></span> <span class='ocrx_word' id='word_1_198' title='bbox 551 3532 665 3602; x_wconf 90' lang='lat' dir='ltr'><strong>nilida</strong></span> <span class='ocrx_word' id='word_1_199' title='bbox 692 3540 727 3603; x_wconf 89' lang='lat' dir='ltr'><strong>cl</strong></span> <span class='ocrx_word' id='word_1_200' title='bbox 756 3549 864 3602; x_wconf 89' lang='lat' dir='ltr'><strong>vacua</strong></span> <span class='ocrx_word' id='word_1_201' title='bbox 887 3529 1032 3620; x_wconf 87' lang='lat' dir='ltr'><strong>jactatio</strong></span> <span class='ocrx_word' id='word_1_202' title='bbox 1055 3528 1093 3599; x_wconf 91' lang='grc'><strong>111</strong></span> <span class='ocrx_word' id='word_1_203' title='bbox 1118 3528 1247 3618; x_wconf 86' lang='lat' dir='ltr'><strong>Hispa-</strong></span> 
     </span>
     <span class='ocr_line' id='line_1_29' title="bbox 132 3641 1249 3738; baseline 0 -24"><span class='ocrx_word' id='word_1_204' title='bbox 132 3647 227 3715; x_wconf 90' lang='lat' dir='ltr'><strong>niam</strong></span> <span class='ocrx_word' id='word_1_205' title='bbox 259 3645 402 3738; x_wconf 92' lang='lat' dir='ltr'><strong>irrepit,</strong></span> <span class='ocrx_word' id='word_1_206' title='bbox 431 3649 590 3719; x_wconf 87' lang='lat' dir='ltr'><strong>Herrerae</strong></span> <span class='ocrx_word' id='word_1_207' title='bbox 612 3645 768 3736; x_wconf 83' lang='lat' dir='ltr'><strong>junioris</strong></span> <span class='ocrx_word' id='word_1_208' title='bbox 797 3641 1033 3737; x_wconf 84' lang='grc'><strong>(16111686)</strong></span> <span class='ocrx_word' id='word_1_209' title='bbox 1060 3645 1185 3733; x_wconf 81' lang='lat' dir='ltr'><strong>opera,</strong></span> <span class='ocrx_word' id='word_1_210' title='bbox 1215 3651 1249 3714; x_wconf 90' lang='lat' dir='ltr'><strong>cl</strong></span> 
     </span>
    </p>
   </div>
   <div class='ocr_carea' id='block_1_13' title="bbox 20 3755 1250 3967">
    <p class='ocr_par' dir='ltr' id='par_1_14' title="bbox 20 3755 1250 3967">
     <span class='ocr_line' id='line_1_30' title="bbox 20 3755 1250 3852; baseline -0.001 -21"><span class='ocrx_word' id='word_1_211' title='bbox 20 3767 21 3772; x_wconf 70' lang='lat'>‘</span> <span class='ocrx_word' id='word_1_212' title='bbox 132 3761 277 3850; x_wconf 90' lang='lat' dir='ltr'><strong>pessimi</strong></span> <span class='ocrx_word' id='word_1_213' title='bbox 317 3780 462 3852; x_wconf 84' lang='lat' dir='ltr'><strong>quoque</strong></span> <span class='ocrx_word' id='word_1_214' title='bbox 499 3781 541 3834; x_wconf 81' lang='lat' dir='ltr'><strong>ex</strong></span> <span class='ocrx_word' id='word_1_215' title='bbox 577 3762 738 3832; x_wconf 87' lang='lat' dir='ltr'><strong>ltaliauis</strong></span> <span class='ocrx_word' id='word_1_216' title='bbox 775 3756 900 3830; x_wconf 80' lang='lat' dir='ltr'><strong>Xllllmi</strong></span> <span class='ocrx_word' id='word_1_217' title='bbox 939 3759 1079 3840; x_wconf 89' lang='lat' dir='ltr'><strong>saeculi,</strong></span> <span class='ocrx_word' id='word_1_218' title='bbox 1120 3755 1250 3848; x_wconf 78' lang='lat' dir='ltr'><strong>nempe</strong></span> 
     </span>
     <span class='ocr_line' id='line_1_31' title="bbox 20 3873 1246 3967; baseline -0.002 -21"><span class='ocrx_word' id='word_1_219' title='bbox 20 3929 21 3960; x_wconf 68' lang='lat'><strong>,</strong></span> <span class='ocrx_word' id='word_1_220' title='bbox 135 3877 234 3948; x_wconf 81' lang='lat' dir='ltr'><strong>Lucae</strong></span> <span class='ocrx_word' id='word_1_221' title='bbox 252 3877 423 3948; x_wconf 87' lang='lat' dir='ltr'><strong>Giordani</strong></span> <span class='ocrx_word' id='word_1_222' title='bbox 446 3903 460 3939; x_wconf 86' lang='lat'>‹</span> <span class='ocrx_word' id='word_1_223' title='bbox 482 3878 530 3947; x_wconf 83' lang='lat' dir='ltr'><strong>Fa</strong></span> <span class='ocrx_word' id='word_1_224' title='bbox 546 3875 678 3967; x_wconf 83' lang='lat' dir='ltr'><strong>presto,</strong></span> <span class='ocrx_word' id='word_1_225' title='bbox 699 3902 713 3938; x_wconf 81' lang='lat'><strong>»</strong></span> <span class='ocrx_word' id='word_1_226' title='bbox 735 3875 778 3946; x_wconf 90' lang='lat' dir='ltr'><strong>ad</strong></span> <span class='ocrx_word' id='word_1_227' title='bbox 798 3875 991 3946; x_wconf 85' lang='lat' dir='ltr'><strong>Escurialis</strong></span> <span class='ocrx_word' id='word_1_228' title='bbox 1007 3873 1246 3954; x_wconf 90' lang='lat' dir='ltr'><strong>ornationem,</strong></span> 
     </span>
    </p>
   </div>
   <div class='ocr_carea' id='block_1_14' title="bbox 20 3967 1250 4079">
    <p class='ocr_par' dir='ltr' id='par_1_15' title="bbox 20 3967 1250 4079">
     <span class='ocr_line' id='line_1_32' title="bbox 20 3967 1250 4079; baseline 0.002 -20"><span class='ocrx_word' id='word_1_229' title='bbox 20 3967 22 4050; x_wconf 65' lang='grc' dir='ltr'>ἶ</span> <span class='ocrx_word' id='word_1_230' title='bbox 131 3993 358 4076; x_wconf 75' lang='grc'><strong>1111161691,</strong></span> <span class='ocrx_word' id='word_1_231' title='bbox 381 3991 555 4062; x_wconf 88' lang='lat' dir='ltr'><strong>advocati.</strong></span> <span class='ocrx_word' id='word_1_232' title='bbox 577 4029 625 4042; x_wconf 93' lang='lat'>-</span> <span class='ocrx_word' id='word_1_233' title='bbox 645 3987 831 4064; x_wconf 84' lang='lat' dir='ltr'><strong>Ceterum.</strong></span> <span class='ocrx_word' id='word_1_234' title='bbox 859 3990 927 4060; x_wconf 93' lang='lat' dir='ltr'><strong>sub</strong></span> <span class='ocrx_word' id='word_1_235' title='bbox 953 3988 1110 4079; x_wconf 87' lang='lat' dir='ltr'><strong>Philippi</strong></span> <span class='ocrx_word' id='word_1_236' title='bbox 1131 3989 1160 4059; x_wconf 90' lang='lat' dir='ltr'>V</span> <span class='ocrx_word' id='word_1_237' title='bbox 1187 3987 1250 4060; x_wconf 92' lang='lat' dir='ltr'><strong>do·</strong></span> 
     </span>
    </p>
   </div>
   <div class='ocr_carea' id='block_1_15' title="bbox 20 4103 1249 4312">
    <p class='ocr_par' dir='ltr' id='par_1_16' title="bbox 20 4103 1249 4312">
     <span class='ocr_line' id='line_1_33' title="bbox 20 4103 1249 4210; baseline -0.001 -34"><span class='ocrx_word' id='word_1_238' title='bbox 20 4135 21 4210; x_wconf 66' lang='lat'>3</span> <span class='ocrx_word' id='word_1_239' title='bbox 133 4107 284 4188; x_wconf 86' lang='lat' dir='ltr'><strong>minato,</strong></span> <span class='ocrx_word' id='word_1_240' title='bbox 306 4109 464 4198; x_wconf 88' lang='lat' dir='ltr'><strong>Hispana</strong></span> <span class='ocrx_word' id='word_1_241' title='bbox 484 4125 571 4198; x_wconf 83' lang='lat' dir='ltr'><strong>gens</strong></span> <span class='ocrx_word' id='word_1_242' title='bbox 591 4105 825 4177; x_wconf 91' lang='lat' dir='ltr'><strong>obdormiscit</strong></span> <span class='ocrx_word' id='word_1_243' title='bbox 848 4130 856 4176; x_wconf 91' lang='lat'><strong>:</strong></span> <span class='ocrx_word' id='word_1_244' title='bbox 879 4103 998 4176; x_wconf 84' lang='lat' dir='ltr'><strong>adhbc</strong></span> <span class='ocrx_word' id='word_1_245' title='bbox 1013 4105 1119 4176; x_wconf 90' lang='lat' dir='ltr'><strong>etiam</strong></span> <span class='ocrx_word' id='word_1_246' title='bbox 1141 4105 1249 4178; x_wconf 88' lang='lat' dir='ltr'><strong>timeo</strong></span> 
     </span>
     <span class='ocr_line' id='line_1_34' title="bbox 20 4219 1247 4312; baseline -0.009 -14"><span class='ocrx_word' id='word_1_247' title='bbox 20 4255 21 4298; x_wconf 84' lang='lat'>1</span> <span class='ocrx_word' id='word_1_248' title='bbox 133 4239 177 4292; x_wconf 90' lang='lat' dir='ltr'><strong>nc</strong></span> <span class='ocrx_word' id='word_1_249' title='bbox 204 4221 318 4292; x_wconf 89' lang='lat' dir='ltr'><strong>Gallia</strong></span> <span class='ocrx_word' id='word_1_250' title='bbox 347 4219 517 4312; x_wconf 75' lang='lat' dir='ltr'><strong>tanquam</strong></span> <span class='ocrx_word' id='word_1_251' title='bbox 546 4221 660 4292; x_wconf 87' lang='lat' dir='ltr'><strong>ruinae</strong></span> <span class='ocrx_word' id='word_1_252' title='bbox 684 4221 809 4291; x_wconf 88' lang='lat' dir='ltr'><strong>artilex</strong></span> <span class='ocrx_word' id='word_1_253' title='bbox 838 4219 1020 4311; x_wconf 89' lang='lat' dir='ltr'><strong>Hispaniae</strong></span> <span class='ocrx_word' id='word_1_254' title='bbox 1048 4238 1087 4292; x_wconf 89' lang='lat' dir='ltr'><strong>se</strong></span> <span class='ocrx_word' id='word_1_255' title='bbox 1111 4219 1247 4290; x_wconf 81' lang='lat' dir='ltr'><strong>ollerat.</strong></span> 
     </span>
    </p>
   </div>
   <div class='ocr_carea' id='block_1_16' title="bbox 20 4483 1183 4560">
    <p class='ocr_par' dir='ltr' id='par_1_17' title="bbox 20 4483 1183 4560">
     <span class='ocr_line' id='line_1_35' title="bbox 20 4483 1183 4560; baseline -0.003 -15"><span class='ocrx_word' id='word_1_256' title='bbox 20 4483 21 4490; x_wconf 57' lang='lat'><em>&#39;</em></span> <span class='ocrx_word' id='word_1_257' title='bbox 161 4493 195 4559; x_wconf 88' lang='grc'><strong>(1)</strong></span> <span class='ocrx_word' id='word_1_258' title='bbox 211 4494 366 4560; x_wconf 79' lang='lat' dir='ltr'><strong>Velasqaez</strong></span> <span class='ocrx_word' id='word_1_259' title='bbox 382 4495 504 4546; x_wconf 80' lang='lat' dir='ltr'><strong>ceterum</strong></span> <span class='ocrx_word' id='word_1_260' title='bbox 519 4494 616 4560; x_wconf 87' lang='lat' dir='ltr'><strong>procul</strong></span> <span class='ocrx_word' id='word_1_261' title='bbox 631 4497 673 4546; x_wconf 82' lang='lat' dir='ltr'><strong>eet</strong></span> <span class='ocrx_word' id='word_1_262' title='bbox 688 4508 704 4543; x_wconf 84' lang='lat' dir='ltr'><strong>a</strong></span> <span class='ocrx_word' id='word_1_263' title='bbox 718 4493 771 4545; x_wconf 88' lang='lat' dir='ltr'><strong>fide</strong></span> <span class='ocrx_word' id='word_1_264' title='bbox 787 4492 938 4544; x_wconf 80' lang='lat' dir='ltr'><strong>Zurbarani</strong></span> <span class='ocrx_word' id='word_1_265' title='bbox 955 4496 982 4542; x_wconf 86' lang='lat' dir='ltr'><strong>et</strong></span> <span class='ocrx_word' id='word_1_266' title='bbox 998 4491 1183 4558; x_wconf 86' lang='lat' dir='ltr'><strong>superiorum.</strong></span> 
     </span>
    </p>
   </div>
   <div class='ocr_carea' id='block_1_17' title="bbox 1338 4571 1395 4579">
    <p class='ocr_par' dir='ltr' id='par_1_18' title="bbox 1338 4571 1395 4579">
     <span class='ocr_line' id='line_1_36' title="bbox 1338 4571 1395 4579; baseline 0 0"><span class='ocrx_word' id='word_1_267' title='bbox 1338 4571 1395 4579; x_wconf 51' lang='grc' dir='ltr'><strong>..ψ</strong></span> 
     </span>
    </p>
   </div>
   <div class='ocr_carea' id='block_1_18' title="bbox 0 0 1587 5152">
    <p class='ocr_par' dir='ltr' id='par_1_19' title="bbox 0 0 1587 5152">
     <span class='ocr_line' id='line_1_37' title="bbox 0 0 1587 5152; baseline 0 0"><span class='ocrx_word' id='word_1_268' title='bbox 0 0 1587 5152; x_wconf 95' lang='lat' dir='ltr'><strong> </strong></span> 
     </span>
    </p>
   </div>
  </div>
 </body>
</html>
