3160 5152
793 1341 937 1416 cnam
968 1341 1026 1414 lv.

434 1627 478 1679 ntt
504 1627 634 1681 tnnttcn
659 1627 745 1681 nnntt
770 1627 1018 1682 ntcttttnnttdtttt
1044 1627 1203 1680 moneto
1230 1627 1386 1680 PERDITA.

402 1894 565 1982 Insuper,
590 1901 628 1964 nt
654 1891 783 1964 artiurn
812 1892 916 1965 ruina
936 1865 1152 1983 perficiatur,
1175 1891 1320 1964 iortuita
1344 1902 1462 1977 causa,
1552 1865 1554 1936 ἶ

353 2015 388 2080 et
408 2027 449 2079 ex
471 2009 547 2079 solo
567 2009 726 2080 historiae
746 2028 829 2080 casu
851 2008 1026 2099 pendeus,
1042 2007 1193 2080 'additur
1215 2004 1352 2081 caeteris
1373 2023 1462 2098 qum,
1552 2021 1554 2082 t

354 2130 393 2194 ut
412 2122 579 2206 vidimus,
602 2139 810 2194 communes
839 2131 873 2193 et
894 2131 1063 2212 tanquam
1085 2121 1346 2212 philosophicae
1371 2127 1462 2192 sunt.

351 2237 559 2310 Necessario
587 2239 682 2308 enirn
713 2237 949 2308 humanitatis
969 2255 1075 2308 cursu
1096 2243 1131 2309 et
1150 2238 1244 2309 certd
1264 2237 1339 2328 tege
1358 2236 1398 2307 iit
1417 2243 1464 2322 ut,

353 2351 438 2422 duan
470 2360 618 2443 augetur
652 2346 878 2434 inteitactus,
911 2352 1174 2424 imminuantur
1207 2350 1326 2424 cordis
1361 2351 1463 2436 rircs,
1552 2431 1554 2454 ff

353 2467 557 2568 emolliatur
584 2468 749 2538 voluntas
772 2475 806 2539 et
831 2465 1039 2538 debilitetur
1064 2467 1209 2538 animus
1233 2489 1241 2537 :
1262 2465 1335 2556 qua
1354 2473 1465 2537 autem
1552 2455 1554 2546 j

353 2580 491 2653 ratione
511 2583 687 2672 provideri
708 2590 769 2653 aut
789 2581 937 2672 produci
957 2581 1071 2672 possit
1090 2579 1338 2672 Micheiangeii
1358 2581 1466 2671 cujus·
1539 2681 1541 2686 y

236 2733 237 2736 =
353 2694 436 2766 dam
457 2695 582 2768 ortus?

402 2813 443 2880 ln
463 2810 616 2882 mediam
633 2812 742 2883 italici
761 2812 895 2902 ingenii
914 2813 1178 2902 corruptionem
1195 2811 1322 2882 incidit
1334 2809 1467 2883 Michol-

353 2926 520 3016 angeiuS‚
552 2933 586 2997 et
615 2928 759 3016 propria
792 2927 831 3030 vi
858 2926 949 2997 iilud
981 2927 1164 2998 dementat
1195 2934 1230 2998 et
1260 2925 1464 3016 praecipitat.

355 3041 517 3112 Potentia
537 3042 614 3130 ejus
634 3039 737 3133 iong'e
755 3041 871 3113 didert
891 3061 911 3110 a
931 3042 1087 3132 Corregii
1109 3050 1170 3113 aut
1187 3041 1378 3132 Raphaeiis
1394 3057 1467 3112 auc

354 3153 496 3226 toritate
526 3155 622 3226 :isti
651 3155 813 3246 quamvis
834 3155 930 3226 aetati
959 3174 1035 3228 suae
1062 3151 1250 3246 praestent,
1280 3153 1466 3246 aequalium

354 3267 578 3358 cogitationis
602 3272 734 3360 majore
752 3269 864 3360 gratia
884 3278 918 3342 et
937 3269 1186 3361 magnitudine
1211 3269 1390 3350 referunt;
1414 3268 1468 3340 ni·

354 3383 583 3475 chalengetus
604 3383 704 3456 extrd
720 3393 861 3476 ternpus
882 3404 988 3458 suurn
1010 3386 1159 3457 omnino
1179 3391 1308 3458 exstat.

403 3497 619 3570 Omittamus
639 3499 733 3570 enirn
751 3499 853 3569 illurn
869 3497 1071 3572 intellectus
1087 3504 1222 3572 cultum
1241 3499 1303 3590 qui
1322 3499 1376 3570 iiii
1393 3517 1468 3571 cum

354 3618 406 3683 tot
425 3612 506 3684 otiis
525 3615 727 3692 communis
746 3614 826 3698 fuir,
856 3622 891 3686 et
917 3616 1030 3686 sotarn
1063 3615 1128 3686 riri
1157 3624 1312 3687 mentem
1336 3615 1470 3687 iutuea-

355 3745 447 3809 mur,
475 3729 586 3800 animi
608 3728 729 3808 robur,
756 3728 891 3800 indutis
918 3729 1106 3820 impeturn,
1136 3731 1218 3820 ptus
1248 3727 1357 3820 quam
1384 3747 1470 3800 mor-

1552 3397 1554 3468 t

1551 3531 1554 3620 t

354 3843 443 3913 tates
477 3842 644 3925 adactus;
673 3845 721 3894 ’-
743 3843 899 3933 proiecto
928 3862 1001 3915 non
1025 3844 1186 3916 dicemus
1214 3845 1317 3915 ilium
1349 3841 1470 3916 eadem
1552 3917 1554 3968 t

354 3960 483 4028 natura
501 3976 542 4027 ac
560 3965 705 4029 caeteros
727 3958 892 4029 nomines
915 3958 998 4037 troi,
1021 3976 1086 4030 nec
1109 3966 1228 4049 partes
1253 3966 1374 4030 tenere
1401 3976 1471 4028 ma·
1552 4001 1554 4040 2

350 4072 440 4162 juris
455 4072 640 4164 cujusdam
662 4073 780 4144 [ratris
800 4081 861 4144 aut
881 4073 987 4144 arnici
1018 4074 1073 4145 cui
1100 4082 1228 4146 natura
1251 4079 1376 4145 nostra
1401 4091 1472 4146 me·

354 4185 425 4258 lius
445 4207 485 4259 ac
504 4189 684 4260 nobismet
703 4189 792 4277 ipsis
812 4197 898 4260 uota
919 4190 978 4270 sit,
997 4190 1115 4280 quatis
1131 4191 1198 4261 tuit
1216 4182 1472 4261 dilectissimus

354 4302 416 4373 iiie
446 4303 623 4393 Raphon,
653 4310 715 4375 aut
743 4303 899 4376 blandus
928 4304 1046 4376 cordis
1073 4305 1238 4378 adulator
1269 4304 1471 4395 Corregius.

1551 4311 1554 4426 1

355 4419 431 4489 Stat
448 4417 509 4490 ille
526 4416 702 4506 seorsum,
722 4421 821 4491 sotus
841 4429 875 4492 et
894 4422 1035 4512 iugens,
1058 4461 1107 4472 -
1127 4422 1239 4513 magis
1257 4421 1407 4492 fortasse
1423 4439 1474 4492 se·
1552 4427 1554 4450 ¹

353 4533 475 4605 clusus
494 4539 529 4605 ot
547 4535 705 4606 enormis
725 4541 884 4626 ternpore
902 4555 968 4609 suo
991 4535 1101 4628 quim
1122 4544 1245 4611 nostro
1265 4535 1408 4608 fuisset.
1432 4535 1476 4608 Ut
