<?xml version="1.0" encoding="UTF-8"?>
<!DOCTYPE html PUBLIC "-//W3C//DTD XHTML 1.0 Transitional//EN"
    "http://www.w3.org/TR/xhtml1/DTD/xhtml1-transitional.dtd">
<html xmlns="http://www.w3.org/1999/xhtml" xml:lang="en" lang="en">
 <head>
  <title>
</title>
<meta http-equiv="Content-Type" content="text/html;charset=utf-8" />
  <meta name='ocr-system' content='tesseract 3.04.00' />
  <meta name='ocr-capabilities' content='ocr_page ocr_carea ocr_par ocr_line ocrx_word'/>
</head>
<body>
  <div class='ocr_page' id='page_1' title='image "./curarspicturaea01rollgoog_0097.png"; bbox 0 0 3160 5152; ppageno 0'>
   <div class='ocr_carea' id='block_1_1' title="bbox 606 457 761 524">
    <p class='ocr_par' dir='ltr' id='par_1_1' title="bbox 606 457 761 524">
     <span class='ocr_line' id='line_1_1' title="bbox 606 457 761 524; baseline -0.013 -14"><span class='ocrx_word' id='word_1_1' title='bbox 606 457 761 524; x_wconf 73' lang='grc'><strong>..91-</strong></span> 
     </span>
    </p>
   </div>
   <div class='ocr_carea' id='block_1_2' title="bbox 29 581 1291 3809">
    <p class='ocr_par' dir='ltr' id='par_1_2' title="bbox 29 581 1244 2190">
     <span class='ocr_line' id='line_1_2' title="bbox 29 581 1241 694; baseline 0.005 -30"><span class='ocrx_word' id='word_1_2' title='bbox 29 581 31 610; x_wconf 67' lang='lat'><em>³</em></span> <span class='ocrx_word' id='word_1_3' title='bbox 119 610 261 680; x_wconf 92' lang='lat' dir='ltr'>ramur,</span> <span class='ocrx_word' id='word_1_4' title='bbox 278 602 341 672; x_wconf 93' lang='lat' dir='ltr'>aut</span> <span class='ocrx_word' id='word_1_5' title='bbox 354 615 495 672; x_wconf 92' lang='lat' dir='ltr'>morum</span> <span class='ocrx_word' id='word_1_6' title='bbox 512 597 632 672; x_wconf 92' lang='lat' dir='ltr'>studio</span> <span class='ocrx_word' id='word_1_7' title='bbox 646 598 818 673; x_wconf 76' lang='lat' dir='ltr'>adscitam</span> <span class='ocrx_word' id='word_1_8' title='bbox 835 617 977 690; x_wconf 80' lang='lat' dir='ltr'>semper</span> <span class='ocrx_word' id='word_1_9' title='bbox 992 597 1158 672; x_wconf 85' lang='lat' dir='ltr'>aduolant</span> <span class='ocrx_word' id='word_1_10' title='bbox 1178 593 1241 694; x_wconf 85' lang='grc'><strong>11).</strong></span> 
     </span>
     <span class='ocr_line' id='line_1_3' title="bbox 122 710 1244 806; baseline 0.005 -24"><span class='ocrx_word' id='word_1_11' title='bbox 122 710 239 795; x_wconf 87' lang='lat' dir='ltr'>Quam</span> <span class='ocrx_word' id='word_1_12' title='bbox 264 712 490 805; x_wconf 82' lang='lat' dir='ltr'>disciplinam</span> <span class='ocrx_word' id='word_1_13' title='bbox 513 714 666 806; x_wconf 79' lang='lat' dir='ltr'>perlecta</span> <span class='ocrx_word' id='word_1_14' title='bbox 692 723 726 788; x_wconf 90' lang='lat' dir='ltr'>et</span> <span class='ocrx_word' id='word_1_15' title='bbox 750 714 908 787; x_wconf 79' lang='lat' dir='ltr'>absurda</span> <span class='ocrx_word' id='word_1_16' title='bbox 932 715 1069 786; x_wconf 89' lang='lat' dir='ltr'>ratione</span> <span class='ocrx_word' id='word_1_17' title='bbox 1092 715 1244 805; x_wconf 79' lang='lat' dir='ltr'>explicat</span> 
     </span>
     <span class='ocr_line' id='line_1_4' title="bbox 29 824 1242 926; baseline 0.006 -31"><span class='ocrx_word' id='word_1_18' title='bbox 29 923 30 926; x_wconf 33' lang='lat'>,</span> <span class='ocrx_word' id='word_1_19' title='bbox 119 824 156 895; x_wconf 93' lang='lat' dir='ltr'>in</span> <span class='ocrx_word' id='word_1_20' title='bbox 185 829 418 900; x_wconf 83' lang='lat' dir='ltr'>sermonibus</span> <span class='ocrx_word' id='word_1_21' title='bbox 446 831 522 902; x_wconf 91' lang='lat' dir='ltr'>suis</span> <span class='ocrx_word' id='word_1_22' title='bbox 553 830 788 902; x_wconf 86' lang='lat' dir='ltr'>Sebastianus</span> <span class='ocrx_word' id='word_1_23' title='bbox 811 829 997 910; x_wconf 91' lang='lat' dir='ltr'>Bourdon,</span> <span class='ocrx_word' id='word_1_24' title='bbox 1023 829 1060 900; x_wconf 90' lang='lat' dir='ltr'>iu</span> <span class='ocrx_word' id='word_1_25' title='bbox 1090 829 1242 920; x_wconf 87' lang='lat' dir='ltr'>quibus,</span> 
     </span>
     <span class='ocr_line' id='line_1_5' title="bbox 121 938 1243 1036; baseline 0.006 -24"><span class='ocrx_word' id='word_1_26' title='bbox 121 938 236 1032; x_wconf 81' lang='lat' dir='ltr'>quiam</span> <span class='ocrx_word' id='word_1_27' title='bbox 266 943 381 1015; x_wconf 84' lang='lat' dir='ltr'>varias</span> <span class='ocrx_word' id='word_1_28' title='bbox 409 946 502 1017; x_wconf 92' lang='lat' dir='ltr'>roris</span> <span class='ocrx_word' id='word_1_29' title='bbox 533 945 670 1036; x_wconf 87' lang='lat' dir='ltr'>species</span> <span class='ocrx_word' id='word_1_30' title='bbox 697 947 804 1017; x_wconf 86' lang='lat' dir='ltr'>variis</span> <span class='ocrx_word' id='word_1_31' title='bbox 835 945 1024 1017; x_wconf 81' lang='lat' dir='ltr'>affectuum</span> <span class='ocrx_word' id='word_1_32' title='bbox 1052 945 1243 1036; x_wconf 83' lang='lat' dir='ltr'>generibus</span> 
     </span>
     <span class='ocr_line' id='line_1_6' title="bbox 122 1051 1240 1142; baseline 0.003 -13"><span class='ocrx_word' id='word_1_33' title='bbox 122 1059 378 1131; x_wconf 83' lang='lat' dir='ltr'>convenientes</span> <span class='ocrx_word' id='word_1_34' title='bbox 398 1051 551 1133; x_wconf 85' lang='lat' dir='ltr'>delinire</span> <span class='ocrx_word' id='word_1_35' title='bbox 571 1061 675 1142; x_wconf 85' lang='lat' dir='ltr'>velit,</span> <span class='ocrx_word' id='word_1_36' title='bbox 698 1061 793 1132; x_wconf 93' lang='lat' dir='ltr'>diem</span> <span class='ocrx_word' id='word_1_37' title='bbox 816 1061 852 1131; x_wconf 93' lang='lat' dir='ltr'>in</span> <span class='ocrx_word' id='word_1_38' title='bbox 874 1079 936 1132; x_wconf 82' lang='lat' dir='ltr'>sex</span> <span class='ocrx_word' id='word_1_39' title='bbox 956 1059 1064 1132; x_wconf 85' lang='lat' dir='ltr'>horas</span> <span class='ocrx_word' id='word_1_40' title='bbox 1083 1059 1210 1133; x_wconf 84' lang='lat' dir='ltr'>diuidit</span> <span class='ocrx_word' id='word_1_41' title='bbox 1232 1085 1240 1132; x_wconf 92' lang='lat'><strong>:</strong></span> 
     </span>
     <span class='ocr_line' id='line_1_7' title="bbox 128 1171 1240 1264; baseline 0.001 -19"><span class='ocrx_word' id='word_1_42' title='bbox 128 1198 143 1234; x_wconf 90' lang='lat'>‹</span> <span class='ocrx_word' id='word_1_43' title='bbox 163 1171 305 1246; x_wconf 76' lang='lat' dir='ltr'>Aurora</span> <span class='ocrx_word' id='word_1_44' title='bbox 324 1173 457 1264; x_wconf 86' lang='lat' dir='ltr'>saepilrs</span> <span class='ocrx_word' id='word_1_45' title='bbox 477 1176 675 1248; x_wconf 88' lang='lat' dir='ltr'>amantium</span> <span class='ocrx_word' id='word_1_46' title='bbox 700 1176 862 1248; x_wconf 89' lang='lat' dir='ltr'>consiliis</span> <span class='ocrx_word' id='word_1_47' title='bbox 889 1175 1019 1246; x_wconf 87' lang='lat' dir='ltr'>lavit...</span> <span class='ocrx_word' id='word_1_48' title='bbox 1041 1175 1078 1246; x_wconf 92' lang='lat' dir='ltr'>Si</span> <span class='ocrx_word' id='word_1_49' title='bbox 1098 1174 1165 1246; x_wconf 90' lang='lat' dir='ltr'>hoc</span> <span class='ocrx_word' id='word_1_50' title='bbox 1184 1194 1240 1246; x_wconf 92' lang='lat' dir='ltr'>ar·</span> 
     </span>
     <span class='ocr_line' id='line_1_8' title="bbox 122 1290 1241 1383; baseline 0.003 -23"><span class='ocrx_word' id='word_1_51' title='bbox 122 1297 334 1379; x_wconf 82' lang='lat' dir='ltr'>gumeutum</span> <span class='ocrx_word' id='word_1_52' title='bbox 365 1298 427 1364; x_wconf 93' lang='lat' dir='ltr'>aot</span> <span class='ocrx_word' id='word_1_53' title='bbox 455 1292 554 1364; x_wconf 93' lang='lat' dir='ltr'>aliud</span> <span class='ocrx_word' id='word_1_54' title='bbox 582 1290 701 1364; x_wconf 89' lang='lat' dir='ltr'>simile</span> <span class='ocrx_word' id='word_1_55' title='bbox 731 1298 884 1375; x_wconf 88' lang='lat' dir='ltr'>tractas,</span> <span class='ocrx_word' id='word_1_56' title='bbox 923 1309 967 1363; x_wconf 91' lang='lat' dir='ltr'>ne</span> <span class='ocrx_word' id='word_1_57' title='bbox 995 1291 1107 1383; x_wconf 81' lang='lat' dir='ltr'>eligas</span> <span class='ocrx_word' id='word_1_58' title='bbox 1135 1290 1241 1363; x_wconf 89' lang='lat' dir='ltr'>aliam</span> 
     </span>
     <span class='ocr_line' id='line_1_9' title="bbox 29 1401 432 1500; baseline 0.007 -26"><span class='ocrx_word' id='word_1_59' title='bbox 29 1403 30 1406; x_wconf 65' lang='lat'>‘</span> <span class='ocrx_word' id='word_1_60' title='bbox 123 1401 432 1500; x_wconf 75' lang='lat' dir='ltr'>horam...›(2).</span> 
     </span>
     <span class='ocr_line' id='line_1_10' title="bbox 29 1519 1240 1618; baseline 0.002 -26"><span class='ocrx_word' id='word_1_61' title='bbox 29 1615 30 1618; x_wconf 33' lang='lat'>,</span> <span class='ocrx_word' id='word_1_62' title='bbox 173 1519 363 1606; x_wconf 78' lang='lat' dir='ltr'>ceterum,</span> <span class='ocrx_word' id='word_1_63' title='bbox 381 1523 634 1614; x_wconf 84' lang='lat' dir='ltr'>quodcumque</span> <span class='ocrx_word' id='word_1_64' title='bbox 650 1525 778 1615; x_wconf 81' lang='lat' dir='ltr'>agitur,</span> <span class='ocrx_word' id='word_1_65' title='bbox 803 1530 865 1594; x_wconf 85' lang='lat' dir='ltr'>aul</span> <span class='ocrx_word' id='word_1_66' title='bbox 887 1542 962 1606; x_wconf 91' lang='lat' dir='ltr'>rus,</span> <span class='ocrx_word' id='word_1_67' title='bbox 985 1529 1047 1594; x_wconf 91' lang='lat' dir='ltr'>aut</span> <span class='ocrx_word' id='word_1_68' title='bbox 1061 1522 1240 1606; x_wconf 92' lang='lat' dir='ltr'>homines,</span> 
     </span>
     <span class='ocr_line' id='line_1_11' title="bbox 29 1631 1239 1730; baseline 0.001 -23"><span class='ocrx_word' id='word_1_69' title='bbox 29 1631 30 1636; x_wconf 63' lang='lat'>‘</span> <span class='ocrx_word' id='word_1_70' title='bbox 123 1636 369 1710; x_wconf 81' lang='lat' dir='ltr'>daranciorum</span> <span class='ocrx_word' id='word_1_71' title='bbox 396 1638 562 1730; x_wconf 88' lang='lat' dir='ltr'>discipuli</span> <span class='ocrx_word' id='word_1_72' title='bbox 588 1647 752 1713; x_wconf 88' lang='lat' dir='ltr'>naturam</span> <span class='ocrx_word' id='word_1_73' title='bbox 779 1635 872 1711; x_wconf 79' lang='lat' dir='ltr'>recte</span> <span class='ocrx_word' id='word_1_74' title='bbox 899 1638 1018 1711; x_wconf 83' lang='lat' dir='ltr'>videre</span> <span class='ocrx_word' id='word_1_75' title='bbox 1043 1644 1239 1728; x_wconf 85' lang='lat' dir='ltr'>nequeunt.</span> 
     </span>
     <span class='ocr_line' id='line_1_12' title="bbox 125 1752 1243 1845; baseline 0.002 -23"><span class='ocrx_word' id='word_1_76' title='bbox 125 1753 198 1824; x_wconf 88' lang='lat' dir='ltr'>lloc</span> <span class='ocrx_word' id='word_1_77' title='bbox 219 1752 324 1825; x_wconf 83' lang='lat' dir='ltr'>verbo</span> <span class='ocrx_word' id='word_1_78' title='bbox 345 1772 418 1825; x_wconf 91' lang='lat' dir='ltr'>non</span> <span class='ocrx_word' id='word_1_79' title='bbox 437 1771 511 1826; x_wconf 88' lang='lat' dir='ltr'>rem</span> <span class='ocrx_word' id='word_1_80' title='bbox 533 1755 662 1845; x_wconf 84' lang='lat' dir='ltr'>ipsam,</span> <span class='ocrx_word' id='word_1_81' title='bbox 693 1773 801 1845; x_wconf 89' lang='lat' dir='ltr'>quam</span> <span class='ocrx_word' id='word_1_82' title='bbox 829 1772 895 1825; x_wconf 92' lang='lat' dir='ltr'>nos</span> <span class='ocrx_word' id='word_1_83' title='bbox 917 1753 1166 1844; x_wconf 71' lang='lat' dir='ltr'>intelligimus</span> <span class='ocrx_word' id='word_1_84' title='bbox 1194 1752 1243 1824; x_wconf 91' lang='lat' dir='ltr'>si-</span> 
     </span>
     <span class='ocr_line' id='line_1_13' title="bbox 125 1866 1242 1960; baseline 0.001 -23"><span class='ocrx_word' id='word_1_85' title='bbox 125 1866 315 1958; x_wconf 84' lang='lat' dir='ltr'>gnificant,</span> <span class='ocrx_word' id='word_1_86' title='bbox 343 1869 406 1942; x_wconf 89' lang='lat' dir='ltr'>sed</span> <span class='ocrx_word' id='word_1_87' title='bbox 434 1877 598 1942; x_wconf 91' lang='lat' dir='ltr'>naturam</span> <span class='ocrx_word' id='word_1_88' title='bbox 624 1871 773 1942; x_wconf 89' lang='lat' dir='ltr'>rationis</span> <span class='ocrx_word' id='word_1_89' title='bbox 801 1869 992 1960; x_wconf 79' lang='lat' dir='ltr'>praescutid</span> <span class='ocrx_word' id='word_1_90' title='bbox 1017 1868 1242 1939; x_wconf 78' lang='lat' dir='ltr'>immutatam</span> 
     </span>
     <span class='ocr_line' id='line_1_14' title="bbox 126 1982 1243 2076; baseline 0.001 -23"><span class='ocrx_word' id='word_1_91' title='bbox 126 1989 161 2054; x_wconf 87' lang='lat' dir='ltr'>ot</span> <span class='ocrx_word' id='word_1_92' title='bbox 176 1982 429 2056; x_wconf 81' lang='lat' dir='ltr'>illuminatam.</span> <span class='ocrx_word' id='word_1_93' title='bbox 449 1986 625 2058; x_wconf 89' lang='lat' dir='ltr'>Berninus</span> <span class='ocrx_word' id='word_1_94' title='bbox 641 1986 747 2058; x_wconf 88' lang='lat' dir='ltr'>nobis</span> <span class='ocrx_word' id='word_1_95' title='bbox 758 1985 915 2076; x_wconf 76' lang='lat' dir='ltr'>ingenuo</span> <span class='ocrx_word' id='word_1_96' title='bbox 927 1983 1097 2074; x_wconf 81' lang='lat' dir='ltr'>superbia</span> <span class='ocrx_word' id='word_1_97' title='bbox 1111 1983 1243 2055; x_wconf 79' lang='lat' dir='ltr'>salsulae</span> 
     </span>
     <span class='ocr_line' id='line_1_15' title="bbox 128 2101 475 2190; baseline 0.009 -21"><span class='ocrx_word' id='word_1_98' title='bbox 128 2117 258 2171; x_wconf 87' lang='lat' dir='ltr'>arcana</span> <span class='ocrx_word' id='word_1_99' title='bbox 278 2101 443 2190; x_wconf 78' lang='lat' dir='ltr'>patefacit</span> <span class='ocrx_word' id='word_1_100' title='bbox 465 2126 475 2172; x_wconf 75' lang='grc' dir='ltr'><strong><em>ε</em></strong></span> 
     </span>
    </p>

    <p class='ocr_par' dir='ltr' id='par_1_3' title="bbox 129 2212 1245 2425">
     <span class='ocr_line' id='line_1_16' title="bbox 181 2212 1245 2306; baseline 0.006 -26"><span class='ocrx_word' id='word_1_101' title='bbox 181 2241 197 2280; x_wconf 86' lang='lat'><strong>‹</strong></span> <span class='ocrx_word' id='word_1_102' title='bbox 226 2215 271 2286; x_wconf 92' lang='lat' dir='ltr'>Ut</span> <span class='ocrx_word' id='word_1_103' title='bbox 296 2223 460 2288; x_wconf 90' lang='lat' dir='ltr'>naturam</span> <span class='ocrx_word' id='word_1_104' title='bbox 495 2213 586 2288; x_wconf 77' lang='lat' dir='ltr'>recte</span> <span class='ocrx_word' id='word_1_105' title='bbox 614 2215 783 2297; x_wconf 81' lang='lat' dir='ltr'>imiteris,</span> <span class='ocrx_word' id='word_1_106' title='bbox 817 2220 956 2306; x_wconf 84' lang='lat' dir='ltr'>oportet</span> <span class='ocrx_word' id='word_1_107' title='bbox 981 2212 1178 2304; x_wconf 84' lang='lat' dir='ltr'>aliquando</span> <span class='ocrx_word' id='word_1_108' title='bbox 1207 2220 1245 2286; x_wconf 92' lang='lat' dir='ltr'>ut</span> 
     </span>
     <span class='ocr_line' id='line_1_17' title="bbox 129 2328 842 2425; baseline 0.003 -25"><span class='ocrx_word' id='word_1_109' title='bbox 129 2328 242 2422; x_wconf 82' lang='lat' dir='ltr'>liugas</span> <span class='ocrx_word' id='word_1_110' title='bbox 260 2331 356 2421; x_wconf 84' lang='lat' dir='ltr'>quod</span> <span class='ocrx_word' id='word_1_111' title='bbox 376 2332 414 2402; x_wconf 92' lang='lat' dir='ltr'>iu</span> <span class='ocrx_word' id='word_1_112' title='bbox 436 2333 564 2404; x_wconf 81' lang='lat' dir='ltr'>naturd</span> <span class='ocrx_word' id='word_1_113' title='bbox 580 2350 653 2402; x_wconf 92' lang='lat' dir='ltr'>nun</span> <span class='ocrx_word' id='word_1_114' title='bbox 671 2332 717 2402; x_wconf 94' lang='lat' dir='ltr'>sit</span> <span class='ocrx_word' id='word_1_115' title='bbox 739 2329 803 2425; x_wconf 80' lang='lat'><strong>(5).</strong></span> <span class='ocrx_word' id='word_1_116' title='bbox 826 2357 842 2393; x_wconf 86' lang='lat'><strong>›</strong></span> 
     </span>
    </p>

    <p class='ocr_par' dir='ltr' id='par_1_4' title="bbox 128 2445 1245 2656">
     <span class='ocr_line' id='line_1_18' title="bbox 182 2445 1245 2519; baseline -0.001 -3"><span class='ocrx_word' id='word_1_117' title='bbox 182 2472 196 2508; x_wconf 71' lang='lat' dir='ltr'>r</span> <span class='ocrx_word' id='word_1_118' title='bbox 228 2446 418 2518; x_wconf 90' lang='lat' dir='ltr'>Pulchrum</span> <span class='ocrx_word' id='word_1_119' title='bbox 451 2455 486 2518; x_wconf 90' lang='lat' dir='ltr'>et</span> <span class='ocrx_word' id='word_1_120' title='bbox 517 2447 684 2519; x_wconf 89' lang='lat' dir='ltr'>decorum</span> <span class='ocrx_word' id='word_1_121' title='bbox 716 2446 753 2516; x_wconf 92' lang='lat' dir='ltr'>in</span> <span class='ocrx_word' id='word_1_122' title='bbox 787 2446 915 2517; x_wconf 82' lang='lat' dir='ltr'>naturd</span> <span class='ocrx_word' id='word_1_123' title='bbox 953 2464 1023 2516; x_wconf 91' lang='lat' dir='ltr'>non</span> <span class='ocrx_word' id='word_1_124' title='bbox 1054 2445 1245 2516; x_wconf 84' lang='lat' dir='ltr'>inveniun-</span> 
     </span>
     <span class='ocr_line' id='line_1_19' title="bbox 128 2557 309 2656; baseline -0.028 -24"><span class='ocrx_word' id='word_1_125' title='bbox 128 2566 185 2632; x_wconf 86' lang='lat' dir='ltr'>tur</span> <span class='ocrx_word' id='word_1_126' title='bbox 207 2557 309 2656; x_wconf 74' lang='grc'><strong>(1).»</strong></span> 
     </span>
    </p>

    <p class='ocr_par' dir='ltr' id='par_1_5' title="bbox 182 2661 1164 2770">
     <span class='ocr_line' id='line_1_20' title="bbox 182 2661 1164 2770; baseline -0.004 -20"><span class='ocrx_word' id='word_1_127' title='bbox 182 2704 197 2740; x_wconf 90' lang='lat'>‹</span> <span class='ocrx_word' id='word_1_128' title='bbox 219 2677 344 2750; x_wconf 87' lang='lat' dir='ltr'>Omnis</span> <span class='ocrx_word' id='word_1_129' title='bbox 366 2678 594 2769; x_wconf 86' lang='lat' dir='ltr'>pulchritudo</span> <span class='ocrx_word' id='word_1_130' title='bbox 614 2697 656 2751; x_wconf 85' lang='lat' dir='ltr'>ex</span> <span class='ocrx_word' id='word_1_131' title='bbox 673 2677 880 2770; x_wconf 82' lang='lat' dir='ltr'>symmetria</span> <span class='ocrx_word' id='word_1_132' title='bbox 900 2682 1039 2748; x_wconf 88' lang='lat' dir='ltr'>constat</span> <span class='ocrx_word' id='word_1_133' title='bbox 1059 2661 1127 2768; x_wconf 69' lang='grc'><strong>15).</strong></span> <span class='ocrx_word' id='word_1_134' title='bbox 1149 2702 1164 2738; x_wconf 75' lang='grc' dir='ltr'><strong><em>ι</em></strong></span> 
     </span>
    </p>

    <p class='ocr_par' dir='ltr' id='par_1_6' title="bbox 130 2791 1244 3001">
     <span class='ocr_line' id='line_1_21' title="bbox 177 2791 1244 2886; baseline -0.003 -21"><span class='ocrx_word' id='word_1_135' title='bbox 177 2791 278 2866; x_wconf 78' lang='lat' dir='ltr'>Unde</span> <span class='ocrx_word' id='word_1_136' title='bbox 298 2793 338 2866; x_wconf 86' lang='lat' dir='ltr'>lit</span> <span class='ocrx_word' id='word_1_137' title='bbox 358 2802 397 2866; x_wconf 92' lang='lat' dir='ltr'>ut</span> <span class='ocrx_word' id='word_1_138' title='bbox 416 2795 538 2866; x_wconf 92' lang='lat' dir='ltr'>omnia</span> <span class='ocrx_word' id='word_1_139' title='bbox 557 2794 601 2866; x_wconf 90' lang='lat' dir='ltr'>ad</span> <span class='ocrx_word' id='word_1_140' title='bbox 622 2795 864 2886; x_wconf 90' lang='lat' dir='ltr'>symmetriam</span> <span class='ocrx_word' id='word_1_141' title='bbox 887 2791 1071 2864; x_wconf 78' lang='lat' dir='ltr'>referenda</span> <span class='ocrx_word' id='word_1_142' title='bbox 1091 2792 1176 2862; x_wconf 92' lang='lat' dir='ltr'>sint.</span> <span class='ocrx_word' id='word_1_143' title='bbox 1197 2831 1244 2840; x_wconf 96' lang='lat'><em>-</em></span> 
     </span>
     <span class='ocr_line' id='line_1_22' title="bbox 130 2909 849 3001; baseline -0.001 -22"><span class='ocrx_word' id='word_1_144' title='bbox 130 2909 295 2980; x_wconf 89' lang='lat' dir='ltr'>Naturam</span> <span class='ocrx_word' id='word_1_145' title='bbox 313 2916 433 2982; x_wconf 91' lang='lat' dir='ltr'>autem</span> <span class='ocrx_word' id='word_1_146' title='bbox 453 2910 627 3001; x_wconf 82' lang='lat' dir='ltr'>corrigere</span> <span class='ocrx_word' id='word_1_147' title='bbox 647 2910 748 2982; x_wconf 84' lang='lat' dir='ltr'>facile</span> <span class='ocrx_word' id='word_1_148' title='bbox 764 2915 818 2980; x_wconf 89' lang='lat' dir='ltr'>est</span> <span class='ocrx_word' id='word_1_149' title='bbox 840 2932 849 2978; x_wconf 75' lang='grc' dir='ltr'><strong>ι</strong></span> 
     </span>
    </p>

    <p class='ocr_par' dir='ltr' id='par_1_7' title="bbox 131 3018 1291 3809">
     <span class='ocr_line' id='line_1_23' title="bbox 182 3018 1241 3118; baseline 0.004 -29"><span class='ocrx_word' id='word_1_150' title='bbox 182 3024 330 3095; x_wconf 80' lang='lat' dir='ltr'>«Crura</span> <span class='ocrx_word' id='word_1_151' title='bbox 353 3023 472 3116; x_wconf 84' lang='lat' dir='ltr'>potiris</span> <span class='ocrx_word' id='word_1_152' title='bbox 500 3026 605 3118; x_wconf 80' lang='lat' dir='ltr'>longa</span> <span class='ocrx_word' id='word_1_153' title='bbox 632 3022 739 3115; x_wconf 78' lang='lat' dir='ltr'>quim</span> <span class='ocrx_word' id='word_1_154' title='bbox 760 3023 881 3095; x_wconf 85' lang='lat' dir='ltr'>brevia</span> <span class='ocrx_word' id='word_1_155' title='bbox 899 3021 1031 3114; x_wconf 82' lang='lat' dir='ltr'>lingas3</span> <span class='ocrx_word' id='word_1_156' title='bbox 1057 3018 1241 3112; x_wconf 89' lang='lat' dir='ltr'>paulullrm</span> 
     </span>
     <span class='ocr_line' id='line_1_24' title="bbox 131 3134 1242 3232; baseline -0.003 -22"><span class='ocrx_word' id='word_1_157' title='bbox 131 3139 195 3211; x_wconf 89' lang='lat' dir='ltr'>hoo</span> <span class='ocrx_word' id='word_1_158' title='bbox 212 3140 309 3230; x_wconf 88' lang='lat' dir='ltr'>quod</span> <span class='ocrx_word' id='word_1_159' title='bbox 324 3140 520 3222; x_wconf 88' lang='lat' dir='ltr'>addideris,</span> <span class='ocrx_word' id='word_1_160' title='bbox 539 3140 844 3232; x_wconf 89' lang='lat' dir='ltr'>pulchritudinem</span> <span class='ocrx_word' id='word_1_161' title='bbox 863 3146 980 3230; x_wconf 81' lang='lat' dir='ltr'>auget,</span> <span class='ocrx_word' id='word_1_162' title='bbox 1002 3145 1037 3209; x_wconf 87' lang='lat' dir='ltr'>et</span> <span class='ocrx_word' id='word_1_163' title='bbox 1056 3134 1242 3228; x_wconf 85' lang='lat' dir='ltr'>paululum</span> 
     </span>
     <span class='ocr_line' id='line_1_25' title="bbox 131 3249 1243 3347; baseline -0.002 -21"><span class='ocrx_word' id='word_1_164' title='bbox 131 3255 225 3345; x_wconf 87' lang='lat' dir='ltr'>quod</span> <span class='ocrx_word' id='word_1_165' title='bbox 242 3255 448 3337; x_wconf 88' lang='lat' dir='ltr'>abstuleris,</span> <span class='ocrx_word' id='word_1_166' title='bbox 467 3255 617 3346; x_wconf 81' lang='lat' dir='ltr'>liguram</span> <span class='ocrx_word' id='word_1_167' title='bbox 636 3274 774 3347; x_wconf 81' lang='lat' dir='ltr'>gravem</span> <span class='ocrx_word' id='word_1_168' title='bbox 792 3261 826 3326; x_wconf 92' lang='lat' dir='ltr'>el</span> <span class='ocrx_word' id='word_1_169' title='bbox 842 3271 1029 3325; x_wconf 91' lang='lat' dir='ltr'>onerosam</span> <span class='ocrx_word' id='word_1_170' title='bbox 1048 3249 1174 3332; x_wconf 76' lang='lat' dir='ltr'>efficit:</span> <span class='ocrx_word' id='word_1_171' title='bbox 1195 3289 1243 3302; x_wconf 94' lang='lat'><em>-</em></span> 
     </span>
     <span class='ocr_line' id='line_1_26' title="bbox 131 3359 1244 3462; baseline -0.003 -22"><span class='ocrx_word' id='word_1_172' title='bbox 131 3369 193 3441; x_wconf 86' lang='lat' dir='ltr'>viri</span> <span class='ocrx_word' id='word_1_173' title='bbox 215 3370 384 3442; x_wconf 90' lang='lat' dir='ltr'>humeros</span> <span class='ocrx_word' id='word_1_174' title='bbox 410 3368 530 3462; x_wconf 83' lang='lat' dir='ltr'>pullus</span> <span class='ocrx_word' id='word_1_175' title='bbox 554 3372 693 3461; x_wconf 90' lang='lat' dir='ltr'>amplos</span> <span class='ocrx_word' id='word_1_176' title='bbox 719 3367 826 3460; x_wconf 79' lang='lat' dir='ltr'>quam</span> <span class='ocrx_word' id='word_1_177' title='bbox 852 3374 1041 3458; x_wconf 64' lang='lat' dir='ltr'>angustum</span> <span class='ocrx_word' id='word_1_178' title='bbox 1071 3406 1118 3416; x_wconf 88' lang='lat'>-</span> <span class='ocrx_word' id='word_1_179' title='bbox 1134 3359 1244 3456; x_wconf 82' lang='lat' dir='ltr'>&#39;caput</span> 
     </span>
     <span class='ocr_line' id='line_1_27' title="bbox 132 3478 1291 3576; baseline -0.004 -22"><span class='ocrx_word' id='word_1_180' title='bbox 132 3483 235 3574; x_wconf 80' lang='lat' dir='ltr'>paulo</span> <span class='ocrx_word' id='word_1_181' title='bbox 256 3485 376 3557; x_wconf 90' lang='lat' dir='ltr'>miuus</span> <span class='ocrx_word' id='word_1_182' title='bbox 392 3483 498 3576; x_wconf 80' lang='lat' dir='ltr'>quiam</span> <span class='ocrx_word' id='word_1_183' title='bbox 521 3486 657 3575; x_wconf 84' lang='lat' dir='ltr'>majus;</span> <span class='ocrx_word' id='word_1_184' title='bbox 679 3522 722 3536; x_wconf 86' lang='lat'>-</span> <span class='ocrx_word' id='word_1_185' title='bbox 741 3483 931 3555; x_wconf 91' lang='lat' dir='ltr'>mulierum</span> <span class='ocrx_word' id='word_1_186' title='bbox 951 3482 1121 3553; x_wconf 89' lang='lat' dir='ltr'>humeros</span> <span class='ocrx_word' id='word_1_187' title='bbox 1137 3478 1243 3570; x_wconf 84' lang='lat' dir='ltr'>paulo</span> <span class='ocrx_word' id='word_1_188' title='bbox 1290 3516 1291 3519; x_wconf 15' lang='grc' dir='ltr'><strong><em>κ</em></strong></span> 
     </span>
     <span class='ocr_line' id='line_1_28' title="bbox 131 3591 1244 3689; baseline -0.004 -20"><span class='ocrx_word' id='word_1_189' title='bbox 131 3601 297 3671; x_wconf 88' lang='lat' dir='ltr'>arctiores</span> <span class='ocrx_word' id='word_1_190' title='bbox 317 3598 425 3689; x_wconf 81' lang='lat' dir='ltr'>uu&#39;am</span> <span class='ocrx_word' id='word_1_191' title='bbox 454 3602 582 3671; x_wconf 80' lang='lat' dir='ltr'>uaturd</span> <span class='ocrx_word' id='word_1_192' title='bbox 608 3599 718 3671; x_wconf 89' lang='lat' dir='ltr'>videri</span> <span class='ocrx_word' id='word_1_193' title='bbox 743 3599 880 3678; x_wconf 87' lang='lat' dir='ltr'>solent;</span> <span class='ocrx_word' id='word_1_194' title='bbox 912 3637 955 3648; x_wconf 92' lang='lat'><em>-</em></span> <span class='ocrx_word' id='word_1_195' title='bbox 986 3595 1095 3687; x_wconf 89' lang='lat' dir='ltr'>pedes</span> <span class='ocrx_word' id='word_1_196' title='bbox 1121 3591 1244 3685; x_wconf 85' lang='lat' dir='ltr'>potius</span> 
     </span>
     <span class='ocr_line' id='line_1_29' title="bbox 133 3712 694 3809; baseline 0.002 -25"><span class='ocrx_word' id='word_1_197' title='bbox 133 3713 278 3805; x_wconf 83' lang='lat' dir='ltr'>exiguos</span> <span class='ocrx_word' id='word_1_198' title='bbox 297 3712 403 3805; x_wconf 83' lang='lat' dir='ltr'>qu&#39;am</span> <span class='ocrx_word' id='word_1_199' title='bbox 426 3733 565 3787; x_wconf 87' lang='lat' dir='ltr'>crassus</span> <span class='ocrx_word' id='word_1_200' title='bbox 590 3713 654 3809; x_wconf 85' lang='grc'><strong>(6).</strong></span> <span class='ocrx_word' id='word_1_201' title='bbox 680 3742 694 3778; x_wconf 73' lang='grc' dir='ltr'><strong>ι</strong></span> 
     </span>
    </p>
   </div>
   <div class='ocr_carea' id='block_1_3' title="bbox 132 3911 1246 4532">
    <p class='ocr_par' dir='ltr' id='par_1_8' title="bbox 132 3911 1245 4136">
     <span class='ocr_line' id='line_1_30' title="bbox 160 3911 1245 3977; baseline -0.005 -15"><span class='ocrx_word' id='word_1_202' title='bbox 160 3913 191 3975; x_wconf 79' lang='lat' dir='ltr'>(l)</span> <span class='ocrx_word' id='word_1_203' title='bbox 209 3913 343 3964; x_wconf 86' lang='lat' dir='ltr'>Claudius</span> <span class='ocrx_word' id='word_1_204' title='bbox 359 3913 451 3963; x_wconf 74' lang='lat' dir='ltr'>Gellde</span> <span class='ocrx_word' id='word_1_205' title='bbox 466 3913 648 3977; x_wconf 84' lang='lat' dir='ltr'>excipiendus</span> <span class='ocrx_word' id='word_1_206' title='bbox 666 3919 722 3971; x_wconf 83' lang='lat' dir='ltr'>ost,</span> <span class='ocrx_word' id='word_1_207' title='bbox 739 3915 790 3962; x_wconf 87' lang='lat' dir='ltr'>etsi</span> <span class='ocrx_word' id='word_1_208' title='bbox 806 3914 933 3962; x_wconf 82' lang='lat' dir='ltr'>sabulosa</span> <span class='ocrx_word' id='word_1_209' title='bbox 950 3915 997 3961; x_wconf 89' lang='lat' dir='ltr'>aut</span> <span class='ocrx_word' id='word_1_210' title='bbox 1014 3911 1147 3959; x_wconf 85' lang='lat' dir='ltr'>historica</span> <span class='ocrx_word' id='word_1_211' title='bbox 1162 3923 1245 3972; x_wconf 78' lang='lat' dir='ltr'>argu-</span> 
     </span>
     <span class='ocr_line' id='line_1_31' title="bbox 132 3991 1245 4057; baseline 0 -18"><span class='ocrx_word' id='word_1_212' title='bbox 132 3998 221 4041; x_wconf 89' lang='lat' dir='ltr'>menta</span> <span class='ocrx_word' id='word_1_213' title='bbox 232 3995 262 4042; x_wconf 92' lang='lat' dir='ltr'>in</span> <span class='ocrx_word' id='word_1_214' title='bbox 275 4008 339 4043; x_wconf 84' lang='lat' dir='ltr'>suas</span> <span class='ocrx_word' id='word_1_215' title='bbox 352 3995 425 4043; x_wconf 86' lang='lat' dir='ltr'>ruris</span> <span class='ocrx_word' id='word_1_216' title='bbox 434 3995 537 4057; x_wconf 86' lang='lat' dir='ltr'>effigies</span> <span class='ocrx_word' id='word_1_217' title='bbox 553 3994 730 4042; x_wconf 89' lang='lat' dir='ltr'>introducere</span> <span class='ocrx_word' id='word_1_218' title='bbox 741 3998 865 4056; x_wconf 85' lang='lat' dir='ltr'>cogatur,</span> <span class='ocrx_word' id='word_1_219' title='bbox 879 4020 908 4029; x_wconf 99' lang='lat'><strong>—</strong></span> <span class='ocrx_word' id='word_1_220' title='bbox 919 3993 967 4042; x_wconf 88' lang='lat' dir='ltr'>lllo</span> <span class='ocrx_word' id='word_1_221' title='bbox 979 3997 1071 4040; x_wconf 87' lang='lat' dir='ltr'>autern</span> <span class='ocrx_word' id='word_1_222' title='bbox 1082 3991 1180 4039; x_wconf 74' lang='lat' dir='ltr'>revera</span> <span class='ocrx_word' id='word_1_223' title='bbox 1188 4003 1245 4039; x_wconf 89' lang='lat' dir='ltr'>nou</span> 
     </span>
     <span class='ocr_line' id='line_1_32' title="bbox 135 4070 921 4136; baseline -0.001 -16"><span class='ocrx_word' id='word_1_224' title='bbox 135 4070 226 4122; x_wconf 85' lang='lat' dir='ltr'>Gallus</span> <span class='ocrx_word' id='word_1_225' title='bbox 242 4077 294 4136; x_wconf 86' lang='lat' dir='ltr'>est,</span> <span class='ocrx_word' id='word_1_226' title='bbox 307 4073 356 4122; x_wconf 87' lang='lat' dir='ltr'>sed</span> <span class='ocrx_word' id='word_1_227' title='bbox 371 4074 444 4122; x_wconf 85' lang='lat' dir='ltr'>inter</span> <span class='ocrx_word' id='word_1_228' title='bbox 459 4074 600 4136; x_wconf 85' lang='lat' dir='ltr'>Belgicum</span> <span class='ocrx_word' id='word_1_229' title='bbox 616 4078 644 4121; x_wconf 87' lang='lat' dir='ltr'>et</span> <span class='ocrx_word' id='word_1_230' title='bbox 662 4073 788 4122; x_wconf 87' lang='lat' dir='ltr'>italicum</span> <span class='ocrx_word' id='word_1_231' title='bbox 803 4073 921 4122; x_wconf 86' lang='lat' dir='ltr'>modius.</span> 
     </span>
    </p>

    <p class='ocr_par' dir='ltr' id='par_1_9' title="bbox 132 4151 1246 4294">
     <span class='ocr_line' id='line_1_33' title="bbox 163 4151 1246 4212; baseline -0.004 -12"><span class='ocrx_word' id='word_1_232' title='bbox 163 4151 193 4211; x_wconf 74' lang='lat'>(2)</span> <span class='ocrx_word' id='word_1_233' title='bbox 214 4153 398 4211; x_wconf 73' lang='lat' dir='ltr'>Consdrences</span> <span class='ocrx_word' id='word_1_234' title='bbox 420 4156 454 4201; x_wconf 88' lang='lat' dir='ltr'>de</span> <span class='ocrx_word' id='word_1_235' title='bbox 476 4152 645 4201; x_wconf 75' lang='lat' dir='ltr'>l’Aoaddmic</span> <span class='ocrx_word' id='word_1_236' title='bbox 668 4155 763 4212; x_wconf 82' lang='lat' dir='ltr'>royate</span> <span class='ocrx_word' id='word_1_237' title='bbox 786 4155 820 4200; x_wconf 77' lang='lat' dir='ltr'>dr</span> <span class='ocrx_word' id='word_1_238' title='bbox 842 4154 975 4211; x_wconf 73' lang='lat' dir='ltr'>peratore</span> <span class='ocrx_word' id='word_1_239' title='bbox 998 4153 1022 4198; x_wconf 84' lang='lat' dir='ltr'>el</span> <span class='ocrx_word' id='word_1_240' title='bbox 1042 4153 1076 4198; x_wconf 83' lang='lat' dir='ltr'>dc</span> <span class='ocrx_word' id='word_1_241' title='bbox 1100 4151 1246 4208; x_wconf 78' lang='lat' dir='ltr'>sculptura</span> 
     </span>
     <span class='ocr_line' id='line_1_34' title="bbox 132 4229 587 4294; baseline 0 -16"><span class='ocrx_word' id='word_1_242' title='bbox 132 4229 174 4290; x_wconf 83' lang='lat' dir='ltr'>(ll.</span> <span class='ocrx_word' id='word_1_243' title='bbox 190 4230 285 4289; x_wconf 87' lang='lat' dir='ltr'>Jouin,</span> <span class='ocrx_word' id='word_1_244' title='bbox 303 4231 371 4286; x_wconf 86' lang='lat'>1883,</span> <span class='ocrx_word' id='word_1_245' title='bbox 387 4231 464 4291; x_wconf 83' lang='lat' dir='ltr'>in-8⁰‚</span> <span class='ocrx_word' id='word_1_246' title='bbox 480 4245 507 4294; x_wconf 89' lang='lat' dir='ltr'>p.</span> <span class='ocrx_word' id='word_1_247' title='bbox 525 4230 587 4290; x_wconf 77' lang='grc'><strong>1191.</strong></span> 
     </span>
    </p>

    <p class='ocr_par' dir='ltr' id='par_1_10' title="bbox 160 4308 949 4372">
     <span class='ocr_line' id='line_1_35' title="bbox 160 4308 949 4372; baseline 0.001 -14"><span class='ocrx_word' id='word_1_248' title='bbox 160 4311 191 4371; x_wconf 84' lang='grc'>(3)</span> <span class='ocrx_word' id='word_1_249' title='bbox 208 4310 321 4358; x_wconf 87' lang='lat' dir='ltr'>Bernini</span> <span class='ocrx_word' id='word_1_250' title='bbox 337 4309 412 4368; x_wconf 87' lang='lat' dir='ltr'>Diar,</span> <span class='ocrx_word' id='word_1_251' title='bbox 429 4314 534 4359; x_wconf 83' lang='lat' dir='ltr'>Gazette</span> <span class='ocrx_word' id='word_1_252' title='bbox 550 4314 599 4360; x_wconf 81' lang='lat' dir='ltr'>dea</span> <span class='ocrx_word' id='word_1_253' title='bbox 616 4315 803 4370; x_wconf 78' lang='lat' dir='ltr'>Beaux-Arts,</span> <span class='ocrx_word' id='word_1_254' title='bbox 819 4310 878 4372; x_wconf 87' lang='lat' dir='ltr'>XV,</span> <span class='ocrx_word' id='word_1_255' title='bbox 897 4308 949 4360; x_wconf 81' lang='lat' dir='ltr'>tol.</span> 
     </span>
    </p>

    <p class='ocr_par' dir='ltr' id='par_1_11' title="bbox 161 4389 518 4452">
     <span class='ocr_line' id='line_1_36' title="bbox 161 4389 518 4452; baseline 0.008 -15"><span class='ocrx_word' id='word_1_256' title='bbox 161 4389 258 4452; x_wconf 78' lang='lat' dir='ltr'>(illd,</span> <span class='ocrx_word' id='word_1_257' title='bbox 277 4392 357 4450; x_wconf 65' lang='lat' dir='ltr'>ibid„</span> <span class='ocrx_word' id='word_1_258' title='bbox 372 4389 444 4452; x_wconf 87' lang='lat' dir='ltr'>XXI,</span> <span class='ocrx_word' id='word_1_259' title='bbox 463 4391 518 4440; x_wconf 84' lang='grc'><strong>383.</strong></span> 
     </span>
    </p>

    <p class='ocr_par' dir='ltr' id='par_1_12' title="bbox 161 4468 502 4532">
     <span class='ocr_line' id='line_1_37' title="bbox 161 4468 502 4532; baseline 0 -14"><span class='ocrx_word' id='word_1_260' title='bbox 161 4469 193 4530; x_wconf 82' lang='grc'>(5)</span> <span class='ocrx_word' id='word_1_261' title='bbox 208 4468 259 4528; x_wconf 86' lang='lat' dir='ltr'>ld.,</span> <span class='ocrx_word' id='word_1_262' title='bbox 276 4471 356 4531; x_wconf 67' lang='lat' dir='ltr'>ibid„</span> <span class='ocrx_word' id='word_1_263' title='bbox 371 4469 431 4532; x_wconf 87' lang='lat' dir='ltr'>XV,</span> <span class='ocrx_word' id='word_1_264' title='bbox 449 4469 502 4520; x_wconf 85' lang='grc'><strong>191.</strong></span> 
     </span>
    </p>
   </div>
   <div class='ocr_carea' id='block_1_4' title="bbox 44 4543 535 4611">
    <p class='ocr_par' dir='ltr' id='par_1_13' title="bbox 44 4543 535 4611">
     <span class='ocr_line' id='line_1_38' title="bbox 44 4543 535 4611; baseline 0.008 -15"><span class='ocrx_word' id='word_1_265' title='bbox 44 4595 47 4606; x_wconf 85' lang='grc'>,</span> <span class='ocrx_word' id='word_1_266' title='bbox 161 4543 535 4611; x_wconf 73' lang='lat' dir='ltr'>(ctru.,earc.,xxrx,rsa.</span> 
     </span>
    </p>
   </div>
   <div class='ocr_carea' id='block_1_5' title="bbox 0 0 1607 5152">
    <p class='ocr_par' dir='ltr' id='par_1_14' title="bbox 0 0 1607 5152">
     <span class='ocr_line' id='line_1_39' title="bbox 0 0 1607 5152; baseline 0 0"><span class='ocrx_word' id='word_1_267' title='bbox 0 0 1607 5152; x_wconf 95' lang='lat' dir='ltr'> </span> 
     </span>
    </p>
   </div>
  </div>
 </body>
</html>
