3160 5152
244 4347 254 4358 '
320 4338 376 4387 tius
389 4326 538 4382 admodum
552 4321 619 4382 impr

782 449 944 512 ,63-

302 616 393 696 tioni
424 597 622 706 plaudunt,
651 611 770 688 neque
798 590 840 662 in
869 587 969 678 ipses
995 576 1294 671 imprecationem
1320 571 1424 664 injici

303 736 444 814 vident;
467 725 539 800 irnb
561 721 660 802 illem
680 713 823 787 iterant,
845 699 955 775 nescii
976 694 1064 788 qnid
1081 689 1301 786 significati

353 853 500 943 opusne
516 845 571 914 est
583 828 722 908 Veserii
738 811 984 920 libii-ibid),
997 810 1158 886 Salviatii
1173 799 1425 902 (ibid-1565),

305 976 340 1044 et
358 963 462 1040 Bessi
487 938 767 1055 (libel-ibiibi
791 951 929 1010 errores
951 943 1149 1006 memorare
1176 920 1247 1019 (l)l
1266 961 1315 976 -
1339 923 1429 992 puae

305 1077 483 1160 Fredorici
501 1065 667 1146 Zucobcri
687 1052 947 1134 delineationes
965 1039 1126 1139 (Leuvre)
1145 1039 1251 1111 nobis
1269 1035 1428 1110 artifices

307 1196 483 1294 quosdam
513 1184 733 1262 monstrant,
761 1157 800 1244 in
828 1160 1068 1239 laurentiana
1087 1155 1224 1248 capella
1242 1151 1426 1232 sedentes,

227 1396 228 1399 ,
307 1325 343 1392 et
356 1306 529 1408 pertinaci
544 1298 665 1375 studio
681 1296 818 1365 statuas
832 1275 1079 1367 blicbelangeli
1095 1272 1293 1343 imitantes.
1311 1261 1428 1353 Qu'am

308 1429 411 1506 multi
426 1418 513 1499 xpp
534 1413 655 1493 saeculi
675 1407 828 1502 pictores
849 1402 963 1471 tetum
984 1409 1076 1483 epus
1092 1405 1197 1460 snum
1216 1384 1350 1457 talibus
1363 1397 1430 1452 ne-

308 1543 507 1623 telienibus
537 1530 775 1608 aedificavere,
806 1529 924 1604 neque
950 1503 1111 1598 unquam
1139 1499 1312 1593 suspicati
1342 1501 1431 1568 sunt

308 1665 390 1738 illas
416 1659 549 1731 termas
575 1647 739 1739 giganteo
764 1625 1011 1717 bliebelaugcli
1038 1619 1183 1712 ingenie
1207 1611 1348 1688 tantdm
1368 1630 1432 1682 ra-

307 1783 394 1862 lere,
415 1781 451 1846 et
473 1763 664 1842 ridendum
685 1746 833 1848 prensis
855 1745 929 1817 lere
949 1739 1011 1830 qui
1032 1755 1093 1810 eas
1113 1734 1158 1806 ad
1181 1707 1341 1805 cruditos
1362 1727 1429 1798 lri-

309 1893 382 1989 gidi
414 1896 448 1962 ct
480 1876 632 1957 affectati
660 1865 772 1943 animi
798 1860 904 1934 ludos
932 1853 1132 1927 adhiberet.
1163 1843 1339 1918 immania
1365 1841 1432 1912 illa

309 1999 541 2096 exemplaria,
563 2007 643 2083 quae
667 1984 737 2077 ipsi
759 1996 833 2050 nen
851 1969 1078 2060 intelligunt,
1100 1970 1265 2035 naturam
1294 1958 1345 2030 eis
1366 1974 1430 2027 ec-

311 2117 473 2199 ciu'dunt.
503 2150 550 2164 -
579 2107 771 2192 Postquam
803 2109 867 2184 per
899 2087 990 2159 dues
1016 2098 1132 2153 annos
1166 2077 1433 2166 «Supremam

309 2232 497 2314 dedicione
516 2253 531 2292 ›
555 2219 716 2294 imitatus
736 2215 825 2290 crat,
842 2199 1020 2275 Berninns
1037 2215 1080 2268 cx
1099 2193 1229 2265 natura
1247 2187 1435 2262 delineare

310 2351 431 2444 coepit.
445 2343 510 2418 Cui
521 2333 709 2412 Scirelius,
724 2327 885 2415 inspecte
901 2331 1020 2408 opere,
1039 2311 1089 2383 eit
1108 2333 1117 2380 :
1136 2335 1151 2374 ι
1168 2307 1227 2380 Sci
1242 2301 1429 2387 unlurbe;

311 2487 385 2543 nen
409 2461 456 2536 lai
479 2456 563 2550 quel
578 2452 642 2524 ene
665 2442 768 2522 redi:
794 2440 920 2529 queste
935 2427 954 2503 'e
971 2429 1007 2501 di
1022 2425 1150 2500 blichel
1165 2421 1300 2513 Angeia
1320 2413 1386 2512 (ill
1406 2441 1426 2482 ›
1471 2501 1475 2512 .

312 2580 426 2672 Qu'am
445 2569 564 2654 multi,
584 2567 623 2638 in
642 2563 710 2634 bec
725 2552 869 2633 saecule,
892 2563 966 2618 nen
987 2536 1131 2632 longiis
1150 2529 1429 2630 processerunt!

359 2692 519 2787 Baptista
544 2685 715 2756 Francus,
741 2705 754 2732 «
783 2669 809 2740 ii
827 2659 995 2744 Semelei,
1018 2683 1034 2720 n
1058 2652 1280 2727 venetianus
1309 2646 1437 2742 (iles-

315 2807 420 2902 1561)
441 2807 534 2878 inter
553 2812 679 2872 omnes
697 2781 894 2882 pertinacia
908 2778 946 2848 in
962 2767 1210 2860 bliebeiangcli
1228 2763 1435 2837 imitatione

273 2962 274 2965 Ν
312 2921 559 3014 distinguitur.
592 2908 685 2982 Dicit
713 2897 884 2976 Vesanus
910 2908 984 2963 nen
1017 2903 1098 2959 esse
1127 2899 1238 2953 unam
1270 2874 1460 2969 magistri.

314 3031 640 3116 adumbrationem,
656 3033 774 3110 neque
784 3011 988 3085 inchoatam
1000 2997 1107 3073 medb
1120 2995 1312 3086 imaginem
1324 3008 1437 3082 quam

314 3160 383 3231 iste
401 3141 567 3242 religles'e
585 3125 922 3212 nondelineareril.
948 3117 1126 3192 Sixtinam
1150 3118 1261 3184 tetam
1288 3126 1330 3180 ex
1354 3121 1435 3176 rne-

314 3271 429 3348 meria
447 3256 693 3358 cognoscebat.
715 3249 819 3322 Anno
841 3241 955 3327 lbet,
967 3229 1158 3306 Florentiae
1173 3223 1356 3319 paulisper
1370 3219 1437 3294 de-

349 3531 382 3600 ll)
396 3523 549 3584 Florentini
565 3521 662 3571 saitem
676 3515 693 3563 d

317 3618 349 3669 ei
359 3609 475 3668 Vasarie
489 3604 595 3660 credes,
607 3608 692 3660 quum
702 3591 843 3660 iohannes
857 3583 891 3630 do
904 3578 996 3629 Udina
1011 3570 1180 3624 Florentiam
1190 3566 1276 3626 venit,
1292 3563 1362 3614 ratio
1373 3563 1438 3624 ejus

317 3695 418 3753 audax,
432 3690 521 3738 libera
535 3687 562 3732 et
578 3677 668 3737 varia,
685 3681 800 3736 parvum
814 3664 983 3713 momentum
996 3656 1026 3704 in
1039 3653 1086 3702 illel
1100 3651 1169 3699 urbe
1183 3645 1319 3708 obtinuit,
1333 3643 1363 3692 in
1379 3639 1440 3704 qud.

303 3771 497 3826 ,assueverant
514 3771 610 3812 omnes
625 3755 660 3804 ad
682 3749 774 3801 emnia
789 3759 824 3796 ex
838 3739 937 3791 natura
953 3733 1105 3800 pingenda,
1121 3742 1173 3778 nec
1195 3725 1331 3790 speciosis
1351 3722 1437 3771 istius

318 3853 393 3906 medi
406 3846 571 3900 libidinibus
588 3833 720 3902 plaudere
735 3829 873 3892 poterant.
892 3819 949 3870 Sed
969 3821 1036 3866 aetas
1056 3812 1103 3860 illa
1121 3813 1164 3858 est
1183 3805 1331 3870 Rapinaelie
1346 3804 1439 3850 morte

484 3925 598 3976 Certum
613 3919 656 3966 est
669 3907 839 3963 Florentiam
855 3912 944 3963 usque
965 3895 1000 3945 ed
1014 3894 1097 3942 tinem
1113 3885 1185 3938 XVIi
1207 3884 1304 3936 saecuii
1319 3885 1440 3932 centen-

488 4004 549 4055 itati
564 4017 576 4050 e
593 4012 623 4048 se
635 3991 717 4045 unice
732 3987 840 4045 addici;
854 3980 904 4032 sed
919 3978 1017 4029 eedem
1031 3973 1116 4024 verbe
1132 3982 1176 4018 res
1191 3967 1246 4016 alia
1260 3962 1441 4028 significaba-

628 4086 708 4125 erum
723 4062 901 4128 exemplaria,
916 4061 943 4108 et
957 4051 1093 4119 imprimis
1108 4043 1301 4107 Michelangeli
1312 4044 1441 4092 inventa.

660 4167 685 4202 m
700 4149 735 4199 ed
749 4148 833 4196 linem
845 4153 923 4191 suem
938 4131 1079 4200 parvenit;
1094 4126 1195 4180 naturd
1209 4125 1307 4190 parium
1324 4117 1442 4184 copiose

318 3931 468 3996 antiquior.

319 4017 393 4067 disse
410 4027 422 4059 «
437 4022 486 4060 ver

319 4102 374 4156 tur,
389 4089 496 4142 scilieet
513 4081 626 4144 magistr

319 4171 453 4226 Vasarius
468 4168 563 4216 labere
578 4155 658 4208 tantu

275 4265 277 4270 ’
318 4253 469 4320 praeditus,
484 4239 659 4294 difficultates
674 4242 739 4281 suas
756 4232 783 4276 et
801 4219 1000 4286 impedimenta
1019 4206 1139 4274 ingenue
1156 4205 1314 4256 confitetur.
1329 4199 1443 4251 Salvia-

613 4318 669 4379 'ger
684 4317 726 4362 est
741 4313 768 4357 et
783 4309 923 4356 strenuus.
936 4294 1037 4346 Studia
1045 4288 1209 4352 longissima
1221 4285 1386 4349 persecutus
1398 4283 1446 4330 est

320 4413 492 4468 Brenzinus,
507 4402 556 4453 sed
574 4400 653 4448 laber
667 4393 721 4442 iste
737 4382 849 4436 minime
868 4377 1032 4443 ingeniosus
1046 4376 1102 4433 est,
1117 4375 1145 4420 ot
1160 4366 1254 4432 petius
1269 4363 1447 4414 imitatorum

322 4495 404 4560 qubm
420 4479 580 4540 auctorum.¹

352 4577 387 4640 (Ἰ)
400 4572 476 4624 Diar.
491 4559 616 4623 Remini,
632 4556 739 4608 Gazette
754 4551 803 4599 dee
817 4541 1003 4597 Becare-Arta,
1018 4530 1119 4594 XXIX,
1135 4529 1191 4580 453.

696 3509 782 3562 iutiirs
796 3505 878 3571 quem
893 3497 990 3551 eaeteri
1007 3493 1112 3544 laboris
1129 3489 1297 3553 probitatem
1312 3487 1437 3535 servant.
1544 3503 1547 3510 ·
