3176 5152
831 419 968 478 -4-

343 567 460 632 mente
484 557 606 629 italica
631 555 721 631 senti
743 555 871 629 decimi
897 557 1018 628 saeculi
1043 557 1226 631 Ecclesia:
1257 558 1302 630 de
1321 576 1363 630 co
1389 557 1455 629 sci-

341 675 423 746 licet
439 671 536 762 quod
555 671 710 746 artifices
726 671 764 740 in
785 671 994 742 lamulainm
1014 673 1181 752 traxerit,
1199 691 1308 744 —nc
1330 691 1456 745 curans

219 855 221 862 .
342 789 490 883 quidem
509 785 595 857 num
618 788 756 857 sincera
777 786 919 856 illorum
941 787 1073 858 animis
1101 788 1211 859 insita
1230 788 1320 859 tides
1346 789 1452 866 leret,

341 945 388 954 -
402 903 556 992 ideaque
571 909 683 972 artem
701 901 739 974 in
757 920 905 972 vacuum
923 903 1115 991 quemdam
1133 903 1316 994 religionis
1336 905 1453 982 ritum,

340 1021 394 1092 rel
418 1019 537 1109 potius
562 1019 598 1087 in
624 1025 856 1107 apparatum,
884 1018 1193 1110 scenicaepompae
1212 1019 1453 1099 simillimum,

339 1133 594 1216 immutaverit,
618 1132 749 1203 nedrrm
771 1133 812 1203 ea
832 1139 992 1204 uteretur
1011 1132 1056 1203 ad
1076 1133 1328 1226 exprimendos
1349 1152 1456 1206 sacrae

340 1250 526 1338 civilisque
547 1247 627 1318 vita
646 1247 794 1322 intimos
814 1265 957 1318 sensus.
980 1287 1027 1300 -
1048 1247 1234 1330 Concedo;
1257 1249 1321 1321 sad
1345 1249 1456 1340 cogita

339 1361 495 1457 amplius
522 1366 674 1434 Leonem
696 1363 727 1434 X
752 1370 787 1434 et
812 1363 1014 1453 superiores
1040 1361 1118 1454 ejus
1144 1365 1243 1436 nlnll
1263 1364 1361 1439 aliud
1387 1383 1453 1434 un·

339 1500 446 1571 quam
467 1498 510 1550 en
530 1486 604 1549 arte
625 1486 659 1574 et
682 1477 881 1549 artificibus
901 1478 1084 1570 petivisse,
1107 1481 1281 1570 surgente
1300 1477 1454 1571 primum

338 1597 400 1667 illa
416 1596 613 1666 litterarum
630 1595 835 1683 artiumque
853 1596 1096 1680 renovatione,
1118 1597 1190 1685 qua
1208 1593 1336 1667 iterum
1359 1593 1453 1666 nasci

338 1713 479 1800 Europa
498 1710 574 1780 risa
593 1716 660 1788 est,
684 1709 794 1780 ltalici
818 1710 972 1798 pictores
994 1728 1072 1782 sese
1093 1729 1210 1782 rerum
1233 1711 1454 1802 publicarum

337 1844 477 1896 necnon
505 1833 540 1896 et
568 1842 749 1896 sacrarum
780 1821 906 1915 parum
940 1824 1124 1896 studiosos
1154 1825 1361 1898 exhibuere.
1393 1825 1455 1894 Tot

336 1941 593 2022 certaminum,
630 1940 724 2011 inter
752 1939 909 2028 aequales
942 1947 1166 2020 exortorum,
1199 1958 1280 2030 quae
1311 1938 1456 2030 vestigia

333 2054 432 2147 'apud
467 2056 700 2135 Perusinum,
738 2055 1016 2138 Pinturiocium,
1054 2056 1269 2146 Raphalilem
1305 2063 1340 2126 et
1374 2056 1455 2125 Om-

336 2172 483 2242 brlanos
510 2169 696 2243 invenies?
721 2171 784 2242 lstl
808 2187 934 2244 omues
959 2168 1092 2262 opiim'e
1117 2190 1196 2242 cum
1221 2169 1455 2242 Pontificibus

336 2286 521 2377 sequentis
541 2287 662 2358 saculi
683 2285 958 2371 convenissent,
986 2285 1120 2376 quibus
1144 2286 1223 2359 sine
1247 2285 1358 2366 dubio
1382 2285 1454 2376 pla·

337 2402 508 2477 cuissent.

385 2518 425 2588 ln
446 2518 600 2599 summa,
625 2516 724 2606 parri
745 2515 851 2587 reiert
871 2516 959 2606 qnid
983 2535 1086 2589 mens
1106 2517 1266 2589 hominis
1285 2516 1357 2588 lida
1374 2534 1450 2589 am·

336 2632 529 2724 plectatur,
553 2627 637 2702 dum
663 2630 753 2703 fides
781 2631 952 2721 quaelihet
977 2631 1087 2709 menti
1111 2629 1316 2720 suppeditet
1340 2631 1452 2711 vires,

307 2753 390 2828 el,
420 2745 449 2815 si
477 2744 618 2817 deliciet
645 2745 760 2835 pietas
785 2744 867 2836 erg'a
896 2746 1008 2815 licum
1039 2752 1100 2816 aut
1127 2745 1300 2835 patriam,
1328 2746 1454 2816 saltem

336 2861 431 2932 adsit
456 2860 536 2931 ritae
558 2859 708 2939 caritas,
734 2859 896 2934 velariis
921 2859 1103 2941 studium,
1130 2858 1288 2930 confidat
1311 2858 1455 2930 animus

337 2976 435 3068 operi
455 2975 511 3046 cui
533 2973 728 3056 incumbit,
752 2974 801 3044 rei
824 2975 879 3045 oui
899 2973 1069 3056 attendit,
1091 2974 1205 3064 rigeat
1225 2971 1369 3045 demum
1391 2993 1453 3044 ro·

337 3089 458 3159 luntas
478 3096 513 3159 et
532 3088 812 3178 pulchritudinis
830 3107 942 3159 amor.
966 3087 1030 3184 llio
1046 3095 1164 3158 autem
1183 3092 1353 3178 tempore,
1374 3094 1456 3178 post

337 3204 513 3294 direptam
548 3205 718 3287 Romam,
753 3202 852 3274 deest
881 3202 1010 3274 italicis
1043 3201 1242 3274 artificibus
1275 3201 1455 3292 quidquid

336 3320 478 3390 animos
500 3319 538 3388 in
560 3317 711 3389 nitorem
733 3318 941 3408 strigorem
967 3305 1153 3389 restituere
1173 3325 1297 3406 queat,
1320 3317 1456 3388 scilicet

336 3434 522 3523 disputare
552 3451 631 3505 cum
666 3433 832 3503 litteratis
867 3440 902 3503 el
931 3432 1067 3522 poetis,
1096 3432 1228 3504 versari
1259 3450 1337 3503 cum
1368 3432 1455 3503 viris

337 3549 558 3619 vehementis
585 3548 715 3618 sensus
741 3547 915 3636 fortisque
945 3547 1079 3638 ingenii
1111 3545 1181 3638 (l),
1214 3547 1326 3618 libero
1355 3555 1456 3624 notu

335 3681 458 3753 agere,
485 3662 620 3744 virere,
643 3670 698 3742 et,
722 3668 762 3732 ut
785 3660 834 3732 ita
858 3661 994 3746 dicam,
1017 3663 1211 3750 respirarc3
1238 3662 1391 3753 pictores
1415 3663 1454 3734 in

334 3778 495 3860 circulis,
526 3778 620 3848 inter
647 3777 783 3848 otiosos
807 3784 842 3847 et
867 3784 1128 3856 assentatores,
1159 3777 1265 3847 vitam
1296 3776 1452 3868 degunt,

334 3893 432 3982 quod
455 3893 584 3965 italicae
605 3893 701 3983 genti
724 3888 817 3963 male
839 3892 1016 3962 convenit.
1040 3892 1145 3962 Nulla
1164 3891 1216 3962 ris
1237 3899 1352 3963 exstat
1371 3911 1456 3981 quae

334 4016 473 4080 mentes
493 3991 664 4079 accendat
682 4015 716 4079 et
735 4015 924 4080 sustentet.

383 4122 540 4194 Tandem
580 4123 743 4194 ultimam
782 4122 938 4193 breviter
977 4123 1191 4194 sententiam
1234 4135 1451 4204 memorem,

364 4341 397 4404 (1)
413 4341 483 4400 Quis
499 4354 620 4403 unquam
636 4340 705 4389 sciat
725 4341 804 4401 cujus
819 4341 951 4388 momenti
966 4341 1063 4399 luerit,
1082 4340 1115 4388 ad
1133 4340 1298 4389 firmandum
1314 4341 1455 4391 Leonardi

332 4422 415 4470 nimis
432 4422 553 4470 solutum
570 4426 596 4469 et
612 4421 776 4483 dissipatum
791 4419 944 4484 ingenium,
960 4421 1090 4483 frequens
1106 4435 1167 4470 cum
1182 4421 1279 4471 Slorza
1289 4427 1337 4470 aut
1351 4421 1456 4485 Borgia

332 4499 507 4550 consuetudo
517 4499 528 4546 l
