3176 5152
585 471 587 476 ¹
656 391 816 456 -oa-

92 580 106 597 .
173 531 279 621 quasi
302 532 339 603 in
360 539 534 604 aeternum
557 531 726 624 praedicta
749 556 757 601 :
781 531 914 621 quibus
935 539 1051 603 autem
1079 530 1186 603 rebus
1211 534 1292 606 talis

172 647 354 719 aeternitas
373 648 607 721 attribuitur?
624 648 755 720 Oribus
775 645 960 738 paululdm
983 647 1208 738 vulgaribus,
1231 657 1293 720 ant

172 764 447 835 saltem·vacois
474 773 592 836 mente
621 773 656 836 et
683 763 986 835 indifferentibus.
1015 763 1150 833 Erilem
1182 763 1290 835 istum

172 879 325 951 Andreae
346 899 493 952 sensum
515 889 549 952 et
570 883 644 952 lere
662 881 845 971 ingenium
863 880 1049 970 oportebat
1064 897 1205 969 semper
1224 899 1288 956 oa·¹

153 1001 263 1100 ‘turae
283 997 494 1068 commercio
517 996 646 1077 inniti,
669 995 801 1067 nedum
828 995 1006 1075 scientiae,
1033 994 1077 1065 ad
1098 994 1290 1066 frenandos

171 1109 306 1198 ingenii
327 1110 482 1201 impetus
503 1120 609 1203 aptae,
630 1110 839 1189 inservirem
859 1128 922 1180 uec
941 1108 1089 1180 dubium
1107 1117 1160 1180 est
1176 1110 1290 1182 since-

173 1224 302 1295 riorem
333 1245 372 1298 se
401 1227 438 1296 in
467 1226 703 1319 graphidibus
730 1223 836 1316 quam
868 1225 904 1295 iu
933 1223 1082 1315 picturis
1116 1224 1288 1296 artificem

101 1344 104 1348 ’
171 1347 355 1429 praestare.
370 1341 553 1414 interdbm
572 1343 667 1414 euim
684 1349 893 1414 extenuatas
910 1341 1002 1412 vires
1019 1349 1156 1412 naturae
1169 1340 1288 1412 studio

172 1472 344 1527 renovare
368 1466 535 1538 conatur,
564 1458 628 1528 sed
656 1456 817 1530 trustra:
848 1473 976 1545 nempe
998 1454 1036 1524 in
1064 1455 1143 1544 ipsa
1169 1473 1288 1526 rerum

171 1572 474 1661 contemplatione
493 1569 626 1644 eminet
646 1573 757 1644 nimia
777 1573 866 1643 artis
886 1589 987 1652 cora,
1010 1589 1110 1660 quae,
1134 1571 1287 1660 perlecto
1344 1642 1346 1646 ,
1375 1572 1377 1575 ’

170 1703 291 1774 opera,
315 1687 516 1758 necessario
538 1688 796 1759 dominabitur.

220 1801 289 1872 Sed
316 1804 517 1893 corruptela
544 1805 613 1874 ista
640 1803 814 1893 originem
845 1821 946 1875 suam
976 1798 1083 1874 altids
1110 1799 1216 1890 quim
1244 1819 1285 1872 eu

171 1913 363 2006 ltapbaelis
385 1926 420 1990 et
438 1919 684 2010 Micbelaogeli
704 1927 863 2008 tempore
884 1918 1011 2007 repetit
1033 1942 1040 1987 :
1060 1917 1133 2006 iam
1156 1924 1229 1989 tota
1249 1917 1285 1986 in

171 2033 356 2106 Leonardo
383 2043 544 2125 apparot.
569 2034 743 2124 Perpetuo
764 2035 928 2124 quidem,
955 2034 992 2103 in
1019 2033 1086 2105 boc
1111 2040 1287 2123 praesento

171 2149 305 2231 studio,
328 2150 427 2222 Vinci
450 2151 639 2222 sententiis
663 2159 822 2232 utemur,
844 2158 883 2220 ut
903 2150 1121 2239 periculosas
1142 2149 1285 2220 llicbel-

169 2265 340 2354 angelicae
362 2266 526 2337 iactionis
553 2285 692 2338 necnon
720 2275 754 2337 et
773 2265 1018 2336 Caracciorum
1038 2265 1195 2335 rationes
1215 2263 1283 2333 im-

169 2396 390 2468 pugnemus:
412 2381 484 2452 imb
504 2381 737 2453 ostendemus
763 2399 879 2452 veram
906 2381 995 2451 tanti
1018 2380 1152 2469 ingenii
1174 2379 1285 2450 baere-

170 2493 331 2574 ditatam,
353 2499 474 2586 procul
496 2497 672 2579 abitalia,
693 2497 832 2568 Batavis
852 2503 886 2567 et
904 2495 1073 2584 Hispanis
1090 2493 1281 2584 magistris,

170 2616 308 2681 naturae
342 2612 616 2693 curiosissimis,
656 2612 822 2708 (exempli
853 2611 966 2702 gratib
1000 2609 1219 2682 Rembrandt
1250 2617 1285 2680 et
1390 2629 1399 2650 ·

168 2724 394 2818 Velasquea),
413 2728 616 2800 obvenisse.
635 2730 749 2800 Fateri
765 2737 882 2799 tamen
905 2735 1043 2818 oportet
1058 2725 1282 2797 Leonardum

43 2891 47 2896 ·
168 2841 250 2931 plus
275 2843 382 2913 etiam
407 2842 515 2933 quim
541 2851 686 2917 caeteros
713 2846 780 2916 isto
806 2844 1006 2916 intellectus
1031 2842 1146 2913 abusu
1174 2841 1284 2911 inies-

166 2957 247 3026 tari.
281 2957 556 3030 immoderatum
585 2960 646 3030 ille
677 2961 793 3031 locum
823 2958 1027 3049 cogitationi
1058 2965 1092 3028 et
1123 2956 1298 3026 scientim

167 3073 368 3144 rationibus
396 3073 432 3143 in
460 3074 607 3147 artilicis
632 3076 859 3147 institutione
880 3075 1025 3152 tribuit;
1050 3073 1186 3143 nullam
1208 3090 1281 3143 rem

167 3187 262 3259 ridet
287 3186 375 3278 quin
403 3192 622 3281 quaestiones
646 3209 789 3271 omnes,
818 3192 978 3262 latentes.
994 3207 1119 3260 causas
1145 3195 1179 3258 et
1207 3189 1282 3257 lon-

166 3304 302 3394 ginqua
321 3307 509 3397 principia,
532 3327 573 3380 ex
595 3311 637 3380 ea
656 3307 862 3398 pendentia,
880 3306 1046 3378 excutiat.
1070 3304 1176 3375 Caret
1196 3300 1284 3374 sane

167 3436 219 3489 ne
241 3419 364 3491 subtili
386 3422 522 3512 judicio
543 3423 759 3494 dissolvatur
786 3422 897 3492 animi
927 3423 1100 3512 impetus,
1130 3428 1164 3491 et
1192 3437 1281 3508 opus

166 3535 275 3606 semel
300 3535 505 3608 inchoatum
535 3539 571 3608 in
599 3537 826 3610 altitudinem
849 3537 1028 3617 recondit,
1052 3544 1090 3607 ut
1109 3534 1280 3606 artificem

165 3651 266 3721 omni
299 3653 471 3724 memoria
504 3661 538 3725 ct
575 3661 831 3744 praeceptorum
867 3652 1182 3743 respectu'liberet
1213 3647 1222 3744 (
1252 3648 1278 3744 l.

165 3765 264 3836 Talia
296 3769 431 3842 monita
461 3769 572 3846 illum,
598 3769 745 3860 periculi
779 3767 926 3841 minime
954 3769 1107 3840 inscium
1140 3765 1281 3839 denun-

165 3881 279 3963 tiant;
302 3882 365 3954 sed
388 3884 505 3973 quid?
523 3888 726 3976 Tempusne
750 3885 867 3958 adbdc
885 3886 929 3957 ad
954 3886 991 3957 id
1017 3883 1201 3955 vitandum
1221 3902 1280 3953 su-

164 3995 308 4086 perest?
344 3988 476 4071 Poterit
510 4002 663 4091 aliquis,
699 4021 867 4092 supremo
901 4001 1095 4073 voluntatis
1128 4009 1277 4082 conatu,

162 4113 276 4183 animi
299 4113 512 4197 libertatem,
535 4117 730 4190 intellectui
749 4118 961 4208 iamdudum
983 4119 1178 4200 subditam,
1204 4136 1277 4189 res·

164 4226 322 4299 tituere‘l
341 4231 415 4300 Tali
436 4232 577 4322 incepto
593 4233 692 4304 solos
711 4252 775 4324 par
792 4235 881 4306 lorct
898 4236 1118 4315 Leonardus,
1136 4243 1280 4308 aelernae

193 4490 227 4554 (l)
244 4493 366 4540 Trallalo
382 4495 456 4543 della
467 4497 587 4556 pictura,
603 4494 639 4556 11,
655 4495 693 4546 63,
