3160 5152
617 411 778 477 ..73-

61 540 69 589 “·
143 546 319 623 linearum
336 551 800 644 complexionampersonae
814 549 1006 644 ipsaefiunt
1018 550 1260 626 instrumenta

60 646 69 740 f
140 665 185 737 ad
215 665 349 740 tabulae
373 667 618 752 ornationem,
646 674 681 741 et
706 668 825 759 operis
844 674 1038 759 apparatus
1056 669 1172 740 exstat
1190 667 1260 741 vio·

142 781 275 864 lentus,
294 790 540 874 exasperatus,
558 788 656 856 extra
670 783 815 855 modum
833 789 867 855 et
881 789 1045 854 naturam
1064 783 1255 874 projeetus.

190 896 412 970 Primatitius
429 898 686 990 ingenuitatem
706 899 924 978 contemnil;
947 899 1082 969 Rossns
1100 898 1257 988 leporem

126 1017 175 1088 ¹et
194 1012 406 1084 suavitatem
429 1039 438 1084 :
462 1031 542 1086 eme
559 1020 670 1086 artam
691 1013 846 1085 italicam
867 1033 887 1082 a
907 1012 1161 1103 Michelangalo
1189 1011 1257 1084 im·

141 1126 297 1199 malam!
335 1129 476 1201 Animis
515 1128 717 1201 intellectis
750 1128 847 1200 cultu
886 1128 1021 1199 exustis
1035 1157 1056 1207 ‚·
1080 1134 1114 1200 et
1149 1127 1257 1200 simul

141 1243 330 1334 exquisilaa
350 1244 543 1335 voluptatis
570 1245 606 1315 in
636 1244 801 1335 Carregio
826 1242 955 1334 spiritu
981 1243 1172 1324 emollitis,
1197 1242 1258 1316 illa

140 1358 350 1448 vertiginem
367 1359 559 1450 qnamdam
576 1359 718 1432 intulit.
733 1359 936 1432 acerrimus
952 1357 1257 1448 splendidissimae

140 1472 230 1543 lueis
246 1474 338 1546 ictus
358 1474 582 1547 delicatiores
597 1476 686 1547 istos
706 1476 829 1547 oeulos
849 1483 884 1545 el
903 1473 1041 1564 fragilia
1060 1475 1204 1546 cerebra
1217 1476 1254 1547 in

140 1586 306 1662 fictitium
329 1589 495 1662 delirium
516 1590 667 1682 abripit,
691 1591 728 1662 in
750 1608 822 1680 quo
846 1587 984 1662 debiles
1003 1606 1126 1660 aarum
1155 1588 1256 1662 dotes

140 1703 185 1774 ad
206 1704 374 1776 ultimum
396 1712 560 1796 pereunt.

188 1818 346 1910 insignis
384 1820 579 1894 admodim
613 1830 647 1895 el
685 1820 893 1912 significans
927 1819 1067 1892 videtur
1103 1827 1257 1909 quatum

139 1933 297 2008 amorum
327 1935 487 2010 delectus
517 1937 602 2028 qui,
627 1937 777 2028 jubente
806 1936 1012 2009 Florentlna
1041 1935 1254 2014 Academia.

138 2049 386 2141 lliehelangali
412 2052 539 2124 lunera
566 2052 680 2143 primo
706 2051 833 2124 ordine
860 2049 971 2122 seculi
997 2057 1113 2122 sunl:
1144 2051 1254 2122 Vasa-

74 2189 94 2248 χ
140 2163 238 2246 rius,
265 2167 485 2248 Bronzinus,
515 2168 784 2249 Ammanatius,
814 2167 1041 2239 Benvenutus
1066 2166 1254 2241 Callinius

139 2279 300 2364 Quorum
321 2290 393 2354 tras
416 2284 552 2372 priores
578 2284 774 2374 pessimum
800 2281 844 2354 ad
864 2281 993 2364 aelium
1014 2283 1154 2354 ruinam
1177 2300 1254 2356 ma·

139 2402 302 2468 mentum
323 2397 500 2484 habuere,
523 2407 558 2472 et
576 2401 676 2472 solus
698 2399 806 2479 liber,
830 2395 1024 2478 callimus,
1054 2397 1091 2468 in
1118 2396 1254 2469 Carmi-

16 2555 20 2562 .
139 2507 250 2581 nibus
269 2512 345 2583 suis
365 2512 442 2604 ipse
460 2513 509 2586 ila
525 2515 620 2586 canit
643 2537 651 2584 :

195 2651 210 2688 ι
232 2627 349 2700 Unum
371 2628 509 2702 tanllim
531 2649 573 2702 ex
590 2631 727 2702 eoront
744 2629 806 2700 lua
828 2627 953 2700 lolium
973 2625 1124 2698 ostende
1145 2627 1253 2709 mihi,

9 2779 11 2846 7
139 2758 160 2812 o
188 2739 309 2814 divina
330 2745 602 2837 llinhalangele‚
627 2746 689 2836 qui
715 2745 814 2816 solus
839 2742 958 2823 dives,
982 2742 1081 2814 solus
1110 2741 1254 2814 immm-

9 2851 10 2900 ³
139 2857 223 2928 talis
241 2857 297 2929 es!
320 2861 437 2932 Unum
455 2861 619 2941 sufficiet,
640 2879 758 2951 neque
776 2858 876 2930 allud
891 2858 1036 2939 curabo,
1060 2877 1141 2930 [lam
1163 2857 1255 2930 illud

138 2972 256 3047 salum
290 2975 380 3048 milli
413 2976 548 3049 bonum
583 2986 618 3049 el
653 2977 840 3067 pulchrum
876 2973 963 3056 erit,
1000 2973 1134 3064 quippe
1167 2994 1189 3044 a
1220 2981 1254 3046 te

137 3087 313 3161 maleit»
