3176 5152
805 389 963 448 -14..

375 527 471 598 Nibil
505 527 542 596 in
576 527 644 597 boc
672 521 815 596 fastidio
844 524 1007 596 mirabile
1037 549 1046 594 ε
1075 525 1157 613 quis
1183 521 1264 596 'verb
1294 523 1448 602 artifex,

328 660 437 732 quum
459 649 510 713 tot
530 642 721 713 mediocria
741 660 849 730 opera
877 640 1012 722 videat,
1043 641 1190 730 decepta
1215 641 1310 730 vulgi
1334 639 1449 709 facili-

327 765 398 828 tate
426 765 460 828 et
494 757 707 846 ignorantia,
738 757 872 828 caeteris
901 753 1076 844 flagitiose
1102 757 1333 839 antecellere,
1363 755 1449 844 quis

271 865 275 872 ’
327 873 622 963 llicbelaugelum
651 891 723 942 non
745 872 889 961 probet,
920 890 957 942 se
985 871 1154 941 facilioris
1184 871 1306 960 gloriae
1336 870 1449 960 parti·

327 987 439 1076 cipem
455 985 531 1056 lieri
549 985 784 1057 renuentem?
802 983 930 1056 Verum
948 985 1147 1075 indignatio
1171 986 1247 1064 illa,
1266 1004 1347 1075 quae
1371 985 1449 1055 viru

328 1100 445 1173 decori
473 1107 545 1182 est,
578 1119 649 1170 nou
678 1101 757 1170 sine
786 1099 940 1190 quodam
970 1101 1057 1169 artis
1082 1100 1240 1189 periculo
1266 1100 1445 1178 succedit,

329 1223 451 1305 utpote
469 1235 550 1305 qum
575 1215 745 1287 artificem
772 1217 890 1304 procul
914 1235 933 1284 a
959 1216 1065 1286 turba
1093 1223 1128 1286 el
1152 1216 1320 1306 ingenuis
1346 1233 1448 1286 men·

328 1331 425 1401 tibus
442 1338 588 1411 avertat,
611 1348 765 1418 eumque
785 1331 822 1398 in
844 1329 999 1419 superba
1015 1331 1196 1400 interioris
1216 1329 1448 1420 perfectionis

329 1445 559 1528 conscientia,
582 1453 643 1514 aut
669 1444 705 1513 in
734 1445 1034 1533 contemplatione
1061 1446 1262 1516 secretioris
1293 1445 1395 1524 ideae,
1426 1463 1449 1514 a

328 1561 452 1650 paucis
472 1567 687 1650 prospectae,
718 1580 738 1628 a
765 1560 994 1648 paucioribus
1024 1560 1238 1649 coequatae,
1268 1560 1444 1631 includat.

330 1675 431 1760 Quod
452 1675 529 1764 ipse
548 1675 676 1746 latetur
693 1675 983 1764 Micbelangelus.
1014 1702 1028 1738 u
1050 1677 1147 1745 Bona
1167 1677 1304 1765 pictura
1324 1695 1387 1766 per
1407 1694 1449 1746 se

329 1791 463 1862 nobilis
483 1797 590 1862 estet
610 1791 667 1880 pia
696 1815 704 1860 :
738 1809 840 1870 uam,
870 1790 906 1858 in
938 1773 1180 1880 sapientibus,
1211 1793 1303 1863 nibil
1332 1793 1447 1882 magis

329 1906 488 1976 animum
511 1906 627 1976 evellit
647 1914 681 1976 et
697 1905 741 1975 ad
760 1905 964 1995 religionem
983 1903 1159 1977 efficacius
1180 1908 1317 1984 incitat,
1336 1905 1446 1996 quam

330 2019 520 2091 difficultas
546 2020 753 2109 perfectioni
788 2021 987 2103 inhaerent,
1017 2028 1051 2091 et
1076 2021 1231 2111 impetus
1258 2022 1304 2092 ad
1332 2024 1445 2092 Deum

329 2153 533 2206 conversus.
558 2136 655 2205 llona
680 2137 776 2206 euim
799 2135 934 2224 pictura
956 2142 1010 2206 est
1039 2136 1237 2207 coelestium
1260 2137 1446 2226 perfectio·

329 2269 415 2320 num
432 2249 596 2334 imitatio,
619 2258 652 2321 et
668 2250 771 2338 quasi
787 2249 897 2319 divini
916 2250 1072 2339 penicilli
1087 2251 1227 2336 umbra,
1245 2259 1306 2322 aut
1321 2251 1443 2331 etiam,

330 2372 369 2436 ut
387 2366 490 2436 aliter
517 2367 656 2455 loquar,
685 2367 820 2435 musica
839 2365 1001 2453 quaedam
1034 2374 1068 2437 et
1097 2368 1313 2449 modulatio,
1342 2367 1445 2455 cuius

329 2479 573 2552 difficultatem
599 2483 697 2552 solus
726 2481 945 2571 perpendere
974 2491 1089 2571 potest
1117 2483 1311 2554 acerrimus
1340 2482 1444 2553 intel-

328 2595 439 2666 lectus
462 2620 471 2666 z
495 2596 605 2667 idirco
624 2594 805 2666 rarissime
825 2598 971 2680 eminet,
995 2614 1145 2686 eamque
1163 2598 1297 2668 sentire
1316 2604 1351 2667 et
1366 2614 1445 2686 pre·

329 2709 458 2782 ducere
478 2730 673 2800 paucorum
697 2719 761 2782 est.
784 2737 798 2774 s
1140 2713 1146 2722 '

379 2827 518 2897 Pictura
537 2827 644 2916 igitur
663 2835 716 2897 est
732 2828 795 2898 llei
811 2828 1012 2908 harmonia,
1035 2829 1109 2899 sive
1123 2827 1287 2917 perfectae
1305 2836 1445 2899 naturae

329 2947 365 3012 el
384 2942 507 3014 aeterni
529 2943 676 3013 luminis
695 2943 732 3011 in
758 2951 875 3014 mente
895 2944 1052 3014 bumana
1070 2945 1255 3033 expressio
1280 2940 1345 3035 (l).

362 3203 395 3266 (1)
406 3203 447 3254 cf.
462 3203 625 3252 Lomatium.
641 3221 653 3251 n
667 3205 706 3254 La
721 3207 839 3253 bellezza
854 3219 909 3253 nen
921 3206 935 3253 d
948 3206 1017 3253 altro
1033 3206 1082 3252 ebe
1095 3219 1151 3252 una
1161 3209 1235 3252 corta
1250 3205 1338 3266 gratia
1350 3204 1447 3252 vivace

331 3287 358 3331 et
373 3283 511 3344 spiritale,
527 3284 553 3331 la
572 3285 652 3345 quale
670 3285 751 3346 peril
777 3285 870 3346 raggie
890 3285 984 3334 divino
1000 3285 1088 3346 prima
1103 3283 1239 3332 s'inlonde
1258 3281 1329 3344 negl’
1348 3269 1447 3343 Angeli

330 3363 360 3412 in
381 3363 426 3411 cui
449 3362 473 3410 si
493 3363 602 3412 vedono
622 3366 648 3412 le
667 3365 754 3426 figure
772 3364 800 3411 di
816 3365 974 3425 qualunque
989 3365 1061 3412 sfera
1075 3364 1125 3412 ebe
1141 3364 1164 3411 si
1180 3363 1324 3411 chiamano
1340 3363 1369 3408 in
1387 3363 1447 3410 loro

332 3442 501 3503 essemplari,
523 3446 549 3490 et
569 3441 647 3502 ldee;
664 3445 710 3505 poi
726 3457 807 3505 passa
827 3443 899 3505 degli
921 3444 1021 3499 animi,
1038 3457 1089 3492 ove
1110 3444 1135 3490 le
1155 3443 1241 3504 figure
1262 3442 1285 3489 si
1302 3441 1447 3488 chiamano

331 3523 456 3584 regioni,
472 3526 499 3570 et
515 3523 628 3582 notitia,
645 3537 660 3571 e
675 3525 831 3572 finalmente
851 3525 923 3570 nella
937 3522 1051 3570 materia
1066 3535 1118 3571 ove
1134 3523 1156 3570 si
1173 3522 1274 3570 dioono
1291 3521 1404 3582 imagini
1421 3525 1448 3568 et

331 3603 428 3664 ferme,
444 3606 470 3650 et
486 3603 562 3663 quivi
578 3604 656 3664 peril
671 3618 763 3652 mezzo
775 3605 846 3651 della
856 3604 979 3665 ragione,
997 3617 1011 3650 e
1026 3603 1070 3650 dcl
1081 3602 1190 3661 vedere,
1207 3603 1303 3650 diletta
1318 3602 1420 3649 atutti.
1435 3617 1447 3646 c

332 3709 361 3717 —
374 3698 386 3727 u
400 3683 497 3740 Deum,
511 3682 548 3730 ait
565 3682 646 3738 idem,
662 3683 690 3729 in
704 3684 792 3730 tribus
805 3684 924 3744 speculis
938 3682 1095 3744 resplendet
1109 3685 1132 3743 (u
1148 3683 1177 3728 in
1191 3687 1232 3730 tre
1247 3681 1357 3742 speeclri
1374 3682 1448 3742 posti

332 3776 381 3824 per
398 3763 534 3826 ordine»)
552 3780 557 3809 z
578 3764 606 3810 in
622 3764 742 3824 Angelo,
759 3764 787 3809 in
803 3764 902 3810 Anima
921 3769 947 3810 et
963 3763 991 3809 in
1008 3761 1139 3824 Corpore.
1157 3762 1279 3823 Angelus
1298 3762 1326 3808 in
1341 3775 1370 3809 sc
1386 3762 1448 3823 ipso

333 3843 438 3890 relucet
454 3847 480 3890 et
496 3844 611 3890 formam
627 3857 704 3890 suam
719 3843 747 3890 in
768 3857 797 3890 se
813 3842 927 3889 effictam
942 3842 1027 3891 videt.
1051 3842 1150 3889 Anima
1166 3846 1270 3899 autom,
1286 3841 1315 3888 in
1331 3855 1449 3902 corporo

330 3922 454 3981 inclusa,
472 3939 483 3969 u
498 3924 523 3970 al
538 3924 692 3971 ministerio
710 3925 852 3984 corporale
864 3924 987 3982 declina,
1005 3938 1016 3967 r>
1034 3922 1117 3969 decus
1134 3936 1214 3968 suum
1232 3921 1406 3969 obliviscitur
1422 3927 1449 3968 et

331 4015 346 4049 a
366 4016 482 4064 corpore
505 4004 533 4050 iu
554 4004 716 4052 servitutem
735 4004 879 4064 redigitur,
904 4023 915 4046 u
938 4003 1108 4050 llinalmcnle
1123 4004 1149 4048 la
1167 4003 1285 4049 bellezza
1304 4001 1347 4048 del
1363 4015 1448 4064 corpo

332 4095 388 4131 non
406 4081 419 4129 ὸ
436 4085 505 4132 altro
521 4083 570 4131 cbo
586 4097 624 4131 un
640 4090 715 4130 corto
732 4091 798 4141 atto,
811 4085 930 4132 vivacita
942 4092 965 4131 et
979 4084 1075 4142 gratio,
1092 4084 1142 4130 elio
1153 4082 1231 4129 inlui
1246 4081 1386 4142 risplende
1400 4093 1449 4142 per

331 4163 359 4210 lo
374 4162 490 4210 inssusso
507 4163 579 4210 della
597 4177 647 4210 sua
668 4164 747 4218 ldea,
764 4163 782 4209 il
798 4178 877 4223 quaro
896 4177 952 4209 nun
970 4163 1101 4208 discendo
1117 4165 1188 4208 nella
1204 4162 1332 4221 materia,
1351 4174 1381 4209 se
1397 4161 1449 4207 ella
1564 4185 1565 4188 =

332 4255 389 4290 non
405 4241 418 4289 ε’
433 4241 660 4291 attissimamente
679 4251 824 4305 preparata
840 4258 844 4291 :
863 4271 891 4277 -
909 4245 930 4290 1ο
946 4256 994 4304 per
1009 4242 1132 4290 l'Ordine
1148 4248 1205 4305 (per
1222 4242 1347 4290 ordinem
1365 4255 1448 4290 mern·

332 4322 469 4384 brorum);
488 4322 513 4370 ‘2⁰
533 4321 615 4371 Medo
635 4323 672 4384 (id
698 4327 751 4380 est,
772 4324 889 4385 partium
910 4323 1142 4384 proportionoml:
1169 4323 1193 4371 3ο
1218 4322 1312 4384 Spatia
1334 4321 1372 4382 (id
1397 4327 1448 4383 est,

333 4401 466 4465 formam).
481 4401 556 4450 Haec
571 4403 624 4450 tria
637 4405 701 4451 sunt
716 4403 744 4449 in
758 4403 881 4460 materia,
893 4403 942 4451 sed
953 4403 1028 4450 nulla
1043 4416 1106 4463 pars
1122 4402 1253 4450 materiae
1267 4415 1299 4449 ea
1314 4402 1448 4462 continet,

333 4482 386 4530 usi
402 4497 479 4531 come
498 4483 601 4531 affirma
618 4484 638 4530 il
658 4483 752 4531 Ficino
772 4497 854 4545 sopra
874 4484 894 4531 Il
918 4483 1054 4532 Convivio
1075 4483 1101 4529 di
1118 4483 1247 4542 Platone,
1264 4482 1382 4531 dicendo
1398 4484 1449 4533 che
