3176 5152
863 417 1022 481 ...30-

434 555 555 647 Cogite
569 557 664 626 enim
683 562 836 646 quantes
856 557 962 638 vires,
983 561 1110 645 praeter
1125 555 1328 626 rarissimas
1349 563 1383 627 et
1398 555 1500 645 quasi

384 671 489 742 unice
517 671 702 761 privilegiu
731 678 850 761 pertas
870 669 1094 748 occasiones,
1127 670 1180 739 vir
1207 668 1353 760 quidem
1384 671 1500 760 magni
1578 719 1581 724 -

383 785 518 877 ingenii
539 785 916 870 consumeredebeat,
939 795 977 857 ut
998 785 1207 884 sirnpiieiter
1228 785 1369 863 existat,
1393 792 1427 855 et
1443 785 1500 874 jus

384 908 547 972 naturam
583 921 684 975 suern
713 901 937 991 exprimendi
965 901 1139 991 nequiret.
1171 901 1225 971 lili
1251 902 1327 990 jain
1358 898 1500 970 diffinite

383 1018 450 1089 erit
469 1037 531 1108 per
549 1037 587 1089 se
606 1018 724 1108 ipsum
748 1018 828 1088 verit
849 1024 882 1089 et
902 1017 982 1088 torti
1003 1018 1142 1088 ratione
1160 1017 1323 1106 proprias
1344 1013 1444 1086 dotes
1463 1014 1500 1086 in

384 1125 496 1206 tutem
519 1132 642 1214 edere;
668 1132 779 1204 rnultb
800 1141 917 1204 autern
939 1131 1134 1212 difficilius,
1157 1131 1194 1203 in
1213 1132 1346 1204 tatibus
1367 1137 1499 1220 tempe·

384 1247 496 1326 ribus.
521 1248 653 1338 quibus
673 1245 728 1340 (ut
748 1246 914 1339 superius
932 1245 1056 1339 patuit)
1080 1248 1264 1320 intellectu
1281 1265 1412 1318 sensus
1431 1264 1501 1316 enr-

385 1362 716 1436 ninbextenuatur.
873 1343 881 1356 ’

434 1477 509 1548 lrnb
529 1479 634 1550 etiam
655 1479 747 1550 adde
767 1479 938 1552 adversus
958 1499 1073 1552 reruni
1096 1485 1289 1562 rnornenta,
1312 1495 1385 1548 non
1406 1475 1500 1567 seep'e

385 1593 556 1674 secunde,
575 1593 781 1666 luctandum
800 1613 895 1676 esse;
918 1593 1043 1688 (atqui,
1063 1601 1243 1667 crescente
1263 1593 1497 1669 burnenitete.

386 1708 492 1778 humo
511 1706 629 1779 rninirs
646 1709 746 1779 rudis
763 1710 845 1780 etin
861 1709 938 1781 dies
957 1709 1111 1790 mollior,
1131 1708 1329 1780 subtilitate
1345 1706 1498 1796 quadarn

385 1820 536 1894 afficitur
561 1825 645 1912 que,
667 1822 712 1895 ud
739 1822 928 1896 subeunde
948 1825 1029 1896 vitae
1046 1842 1173 1913 aspere
1198 1841 1262 1894 neu
1287 1840 1358 1894 uon
1384 1818 1503 1910 turpia

385 1936 614 2017 discrimina,
647 1937 766 2010 minus
792 1946 897 2029 aptus
923 1938 1077 2031 evadit);
1109 1937 1336 2018 luctandum,
1372 1944 1407 2008 et
1435 1934 1499 2006 ed·

385 2051 507 2125 versirs
527 2054 794 2125 circumstantie
817 2055 938 2124 omnia
959 2054 1206 2144 pugnandum.
1234 2053 1404 2126 Crederes
1433 2049 1503 2142 pri-

386 2169 545 2240 rnoribus
573 2169 746 2247 civitatis,
778 2169 959 2241 intellectu
988 2169 1263 2268 praestentibus,
1294 2167 1385 2239 nibil
1412 2164 1502 2236 anti-

385 2284 492 2374 quius
535 2284 609 2355 ture
648 2283 754 2373 quern
794 2292 833 2356 ut
868 2285 1021 2356 etiurunr
1060 2283 1260 2355 libertatern
1295 2291 1330 2354 et
1367 2281 1502 2354 indolis

384 2400 630 2471 tortitudinem
651 2399 815 2472 reveunt?
833 2398 950 2491 Longe
968 2400 1072 2472 etiter
1090 2424 1098 2470 ε
1117 2401 1176 2471 isti
1193 2385 1277 2470 ¹eliis
1297 2399 1396 2470 ideas
1416 2415 1502 2468 suas

384 2521 419 2585 et
438 2533 554 2586 rnores
581 2522 616 2586 et
637 2522 743 2586 tutarn
776 2523 929 2586 urentem
957 2534 1058 2586 suern
1081 2515 1263 2605 imponere
1283 2512 1501 2593 intendunt;

273 2661 279 2671 ·
384 2627 425 2699 eb
438 2623 688 2718 impotentiore
700 2637 734 2701 et
750 2631 950 2719 proceriore
966 2631 1086 2700 eninro
1105 2639 1183 2720 post
1198 2628 1325 2700 deeora
1340 2626 1503 2698 historie

339 2745 343 2750 ’
384 2749 551 2833 tempora·
570 2751 811 2834 assurgentes,
836 2744 906 2834 qub
927 2744 1100 2834 exemptis
1121 2743 1325 2834 insignibus
1353 2741 1502 2813 eviden-

347 2931 354 2947 ,
385 2855 456 2928 tius
483 2859 701 2944 innituntur,
730 2867 763 2932 et
788 2859 909 2950 gieriae
938 2860 1110 2949 proximae
1128 2858 1315 2940 memorie,
1338 2865 1372 2929 et
1391 2857 1503 2928 disei-

384 2973 484 3064 piine
503 2991 617 3064 nuper
636 2974 672 3044 in
695 2975 817 3046 tiberis
839 2975 1008 3066 ingeniis,
1031 2992 1073 3046 ex
1098 2975 1230 3064 quibus
1258 2980 1336 3045 orte
1363 2979 1430 3053 est,
1451 2973 1505 3042 vi·

384 3087 466 3158 vide
492 3097 526 3160 et
552 3089 715 3172 fecunde,
746 3109 842 3160 nunu
866 3099 984 3160 autern
1016 3090 1174 3174 inuitus,
1205 3096 1238 3160 et
1265 3088 1502 3171 intellectum,

384 3204 480 3274 velut
499 3204 668 3294 plumbea
683 3206 810 3277 Dentis
830 3204 963 3286 turries,
982 3206 1168 3277 obruente.

433 3318 496 3388 His
511 3319 629 3390 nausis
647 3319 743 3409 qnbd
761 3321 790 3390 si
811 3321 1003 3411 legitimam
1020 3328 1054 3392 et
1068 3320 1202 3392 ioedere
1218 3327 1354 3390 nuturae
1369 3318 1407 3388 in
1425 3317 1505 3390 dies

384 3432 579 3522 graviorem
601 3435 716 3523 gentis
737 3435 1025 3506 imminutionem
1050 3435 1174 3516 addas,
1201 3441 1235 3507 et
1253 3431 1372 3506 adnue
1390 3433 1505 3504 tacul-

384 3553 491 3618 tatenr
512 3547 630 3619 alienu
659 3568 770 3634 mure,
799 3569 870 3620 nen
888 3551 961 3639 jem
990 3569 1076 3630 suo,
1104 3550 1281 3640 cogitandi
1304 3549 1507 3621 intellectui

384 3649 557 3744 obtutam,
579 3662 666 3734 sene
681 3666 871 3755 apparebit,
885 3665 976 3736 nihii
993 3665 1037 3736 ad
1053 3665 1205 3737 terenda
1221 3666 1365 3756 ingenia
1381 3661 1507 3735 minirs

383 3778 579 3849 seeundum
602 3797 693 3860 esse,
718 3780 823 3870 quern
846 3781 1126 3853 strenuissimam
1149 3788 1301 3866 etatem,
1325 3821 1373 3830 -
1393 3799 1509 3870 quan·

382 3911 488 3983 quem
509 3893 598 3965 terte
620 3896 748 3968 eccidit
770 3904 819 3976 ut,
848 3898 985 3968 ratione
1002 3895 1222 3968 difficultatis
1241 3896 1403 3977 devictae,
1426 3896 1509 3986 ipsa

382 4001 509 4077 bertin]
527 4017 724 4099 temporum
739 4011 922 4081 rarissime
938 4011 1080 4101 ingenie
1095 4012 1374 4100 perfectissimus
1388 4011 1509 4084 aetetis

382 4140 501 4194 aureae
520 4124 674 4197 artifices
695 4135 865 4216 superent
889 4125 899 4218 (
925 4127 953 4216 ).

414 4429 447 4491 (lt
464 4429 506 4478 Ita
518 4431 615 4480 saltem
628 4431 662 4482 de
677 4446 707 4482 se
722 4433 790 4496 ipsis
801 4409 937 4495 judicent.
948 4434 1022 4483 Vide
1030 4433 1207 4499 Curioquium
1220 4436 1339 4501 Eugenii
1354 4437 1509 4488 Delecroix

383 4523 446 4562 cum
463 4509 625 4562 Chenaverd
643 4512 773 4575 (Journal
789 4515 825 4562 de
841 4514 1047 4578 Macroix,11‚
1064 4514 1129 4579 439).
