3160 5152
606 463 647 478 -
667 427 706 492 a5
726 463 767 481 ..

127 587 231 642 mous
250 569 549 662 altussubjectos
566 568 704 642 incolae
721 565 988 658 quodammodo
1014 566 1107 658 cogit
1130 574 1171 645 ut
1189 565 1246 646 ln·

16 683 18 730 t
128 687 218 758 sicta
243 704 309 776 spe
335 685 381 758 ad
408 688 550 758 culmen
579 683 781 764 enitantur,
820 681 870 755 ita
896 682 1055 774 aequales
1083 701 1170 758 suos
1201 683 1247 758 ad

16 787 18 882 ξ
128 819 169 872 se
193 807 315 884 aeaut,
345 799 457 874 cheul
487 795 636 872 minime
660 806 764 889 aptos
791 798 837 870 ad
864 798 1139 876 conscendenda
1171 799 1249 874 haec

129 915 301 988 sublimia
328 917 415 988 artis
435 915 597 1007 lastigial
621 915 754 986 Omnes
781 912 841 988 isti
869 913 1093 988 delicatiores
1119 914 1246 998 animi,

129 1031 268 1104 debiles
288 1031 397 1104 simul
420 1029 652 1114 manusueti,
675 1029 797 1101 herois
815 1027 938 1101 anima
955 1027 1196 1113 inebriantur,
1215 1035 1251 1103 et

131 1145 282 1218 minutis
301 1147 472 1238 operibus
489 1145 536 1220 ad
552 1147 730 1220 immanes
750 1144 843 1218 fines
860 1143 1069 1218 intendunt.
1092 1144 1187 1231 Quid
1203 1145 1252 1218 sit

16 1289 18 1360 3
130 1260 275 1344 modus,
302 1261 391 1354 quid
418 1261 616 1335 moderatio
641 1259 843 1334 dedissunt.
866 1257 984 1346 Quu'm
1011 1261 1135 1334 oeulos
1164 1278 1250 1340 suos

16 1367 17 1380 '
130 1375 169 1448 in
190 1377 338 1466 parvulo
366 1377 497 1450 mentis
524 1395 600 1450 suaa
627 1375 713 1450 orbe
739 1375 1029 1450 circumscribere
1056 1375 1248 1474 deberent,

16 1471 18 1558 ῗ
131 1491 255 1562 omnia
272 1493 440 1586 amplecti
459 1499 634 1565 conantur
660 1497 695 1564 et
716 1490 861 1562 lortinm
888 1490 1032 1583 imperii
1060 1491 1252 1584 participet

133 1605 224 1680 ilari.
249 1607 395 1682 Fluctus
421 1612 649 1680 externarum
676 1606 889 1698 imaginum,
905 1606 1139 1682 scenicarum
1169 1625 1251 1699 epe-

16 1707 17 1730 *
132 1721 267 1793 clerum
296 1729 332 1798 et
361 1721 583 1814 turgidorum
612 1728 777 1813 gestuum
802 1722 1051 1798 convolutatur
1069 1722 1108 1794 in
1128 1740 1251 1799 eorum

133 1838 293 1924 cerebro,
321 1838 420 1929 quod
441 1857 560 1929 neque
587 1838 789 1912 intellectus
820 1855 938 1928 neque
966 1839 1096 1916 sensus
1124 1839 1176 1918 rie
1200 1856 1254 1914 ce

135 1953 246 2024 hibet.
277 1953 342 2025 llrs
369 1951 514 2025 demum
536 1953 707 2044 vertigine
726 1951 881 2043 quadam
907 1953 945 2025 in
972 1953 1163 2026 dementiae
1184 1960 1254 2025 tur-

133 2066 256 2139 binem
277 2069 427 2158 rapitur,
449 2067 538 2140 adeo
556 2085 685 2140 omnes
705 2067 793 2140 istas
814 2067 961 2143 umbras
982 2067 1088 2141 verrit
1110 2067 1254 2142 llichel-

136 2183 255 2274 angeli
273 2184 443 2275 spiritus!

184 2297 343 2368 Memora
358 2297 453 2369 enirn
466 2297 760 2390 llichelangelum
778 2294 850 2370 lert
862 2298 1125 2390 quinquaginta
1138 2315 1254 2370 annos

16 2423 18 2526 j
139 2430 258 2486 aureae
277 2412 477 2484 italicarum
493 2414 623 2486 artium
644 2413 740 2486 aetati
761 2414 1255 2507 superstitisse.nnnolocl
1314 2503 1319 2514 .

138 2527 305 2609 moritur,
327 2534 381 2609 et,
404 2535 444 2600 ut
468 2529 600 2603 nostris
625 2528 847 2619 temporibus
867 2530 997 2603 Victori
1019 2531 1120 2621 Hngo
1140 2528 1255 2602 conti-

17 2723 18 2726 Ν
138 2643 199 2734 git,
229 2643 422 2715 admiratio
451 2643 550 2716 illius
579 2663 726 2735 operum
757 2644 797 2716 ed
824 2645 937 2737 magis
965 2647 1002 2720 in
1029 2646 1107 2719 dies
1131 2645 1257 2718 crescit

138 2758 208 2848 qud
230 2756 353 2834 minds
373 2758 482 2850 digna
502 2759 595 2831 liunt
615 2768 653 2830 ut
672 2760 751 2832 sine
774 2761 1030 2850 disquisitione
1049 2760 1254 2835 laudentur.

17 2907 19 2946 ι
137 2875 251 2968 Vulgo
277 2877 443 2948 ‹Deus›
472 2875 626 2949 habetur
648 2875 904 2970 (Bencenuto),
926 2885 961 2950 et
984 2877 1175 2950 Academia
1196 2877 1259 2951 de·
1357 2905 1366 2929 ·

138 2990 366 3074 lineationis,
389 2992 579 3066 Florentiae
598 3011 695 3064 anno
713 2994 800 3064 1561
821 2992 866 3064 ab
886 2994 1001 3066 amico
1016 2995 1094 3083 ejus
1110 2993 1258 3068 Vasario

18 3195 19 3198 Ν
141 3091 327 3187 instituta,
350 3107 442 3180 nihil
463 3106 562 3181 aliud
587 3114 641 3179 est
667 3105 775 3198 quarn
804 3107 1062 3202 discipulorum
1087 3114 1123 3180 et
1145 3107 1258 3180 iaulo·

18 3243 22 3308 i
140 3238 217 3292 rum
243 3222 446 3314 collegium,
468 3241 489 3296 a
508 3222 642 3312 quinus
661 3224 739 3314 ejus
761 3223 850 3297 ratio
870 3232 906 3296 et
921 3221 1113 3315 disciplina
1131 3241 1259 3314 propa·

18 3327 20 3348 '
161 3341 245 3407 atur
283 3339 333 3407 l.

140 3353 161 3426 g
189 3333 289 3522 lnte(r
304 3333 434 3524 {amnes
450 3451 562 3524 ltaliae
582 3458 722 3545 partes,
745 3451 926 3528 Florentia
944 3452 982 3524 in
1003 3453 1076 3544 qua
1097 3414 1261 3528 demora-

18 3603 19 3614 ι
143 3571 212 3647 tur,
241 3582 345 3638 caecae
368 3565 601 3639 admirationi
631 3566 787 3640 deditur.
819 3567 1119 3658 Quandoquidem
1150 3570 1262 3640 Roma

143 3679 392 3770 llichelangeli
421 3679 735 3771 ptolomaeorum,
765 3681 962 3755 Florentinl
994 3690 1131 3756 statuas
1163 3680 1263 3754 illius

19 3807 21 3860 l
145 3791 931 3889 maximdimltantunquaerenteeimprlmis,
947 3791 1261 3892 (omittendus),

19 4161 21 4182 ,
175 4121 210 4185 (l)
224 4121 283 4184 Ipsi
299 4119 447 4183 Raphaelis
458 4119 589 4183 discipuli
600 4120 683 4183 hujus
694 4120 886 4172 admirationis
897 4123 1048 4186 participes
1060 4125 1135 4172 snut.
1148 4121 1267 4174 Peninus

19 4185 21 4276 f
145 4201 190 4252 del
212 4195 292 4266 Vaga
311 4200 512 4250 delineationes
532 4199 676 4250 adernam
697 4199 792 4252 Cosmi
814 4202 825 4252 Ι
845 4202 950 4265 fingere
969 4206 1093 4266 recusat,
1110 4201 1177 4266 quia
1196 4215 1267 4268 opus

19 4277 21 4292 '
147 4281 224 4344 prius
237 4297 254 4331 a
268 4280 469 4344 Michelangelo
485 4280 635 4342 quaesitum
649 4281 736 4330 fuisse
748 4282 835 4332 novit.
850 4282 939 4334 Timet
955 4283 1029 4334 enim
1042 4296 1078 4334 ne
1092 4282 1170 4332 illum
1184 4283 1269 4334 olien-

20 4417 22 4430 .
147 4361 203 4424 dat,
218 4376 233 4410 ι
248 4374 332 4425 quem
344 4373 440 4412 omnes
454 4358 577 4424 pictores
592 4359 724 4423 tanquam
737 4361 907 4425 magistrum,
922 4361 1021 4414 ducem
1032 4367 1059 4412 et
1071 4361 1268 4412 delineationis

150 4441 232 4492 deum
249 4446 452 4492 reverentur.»
468 4438 615 4503 (Claudius
634 4439 773 4503 Tolomei,
794 4441 828 4490 ad
849 4442 940 4505 Apoll.
962 4443 1141 4494 Phileretum.
1157 4441 1191 4493 V.
1206 4446 1270 4504 lay,

150 4537 176 4584 r·
189 4523 241 4585 eo.)

1091 4601 1108 4666 5
