3176 5152
403 726 531 839 CUR
570 730 698 840 ARS
735 729 1035 844 PICTURAE

684 1059 754 1097 APUD

6 1383 8 1390 ,
106 1419 109 1424 ¹
160 1299 401 1381 luanus
444 1301 566 1382 xur
610 1302 863 1386 sAEcuur
909 1304 1274 1387 nucruuuru

536 2049 679 2120 CAPUT
706 2048 891 2120 PRIMUM.

327 2354 371 2404 DE
397 2353 523 2406 ΙΝΝΔΤΟ
552 2353 585 2406 lu
612 2352 741 2406 rrlulcl
768 2353 875 2404 daura
902 2353 1095 2406 rnnlurslw.

204 2645 443 2735 ingenuarum
466 2646 596 2717 artium
619 2645 759 2715 ruinam
780 2664 801 2714 a
821 2645 1002 2716 cummuni
1023 2647 1132 2718 tatius
1148 2647 1274 2718 liuma-

157 2760 279 2832 nitatis
300 2779 405 2830 cursu
425 2762 582 2852 pendere
599 2761 686 2832 satis
707 2768 846 2833 constat
865 2761 1066 2832 :addamus
1086 2763 1180 2833 hanc
1199 2765 1272 2832 rui-

155 2893 237 2946 nam
266 2893 309 2946 er
334 2875 413 2966 ipsa
441 2875 667 2966 ingeniorum
693 2894 884 2966 progressu
911 2876 1123 2965 plerumque
1145 2877 1270 2966 sequi;

154 2989 252 3079 qued
269 2991 414 3080 quidem
436 2991 537 3062 nulln
554 2991 659 3061 medo
680 2990 858 3076 mirabile,
880 3009 946 3062 nec
965 2998 1004 3061 ut
1024 2991 1126 3062 aiunt
1146 2993 1270 3076 Graeci,

153 3099 322 3198 παράδοξον
343 3105 549 3176 habendum
575 3114 642 3178 est.
671 3105 876 3178 absurdum
903 3101 989 3176 sane
1010 3106 1190 3194 judicabis
1211 3105 1272 3194 qui

155 3215 303 3308 prorsus
324 3227 358 3290 et
373 3217 536 3290 absolute
553 3219 745 3316 contendat
761 3219 962 3290 intellectus
979 3219 1111 3289 cultum
1132 3221 1273 3291 obstare

155 3334 285 3406 artium
318 3336 536 3407 incremento
568 3361 575 3407 :
606 3336 744 3407 nullum
777 3336 873 3406 enim
906 3334 1068 3406 invenias
1105 3335 1271 3406 decorum

154 3467 245 3539 opus
268 3450 373 3539 quin,
397 3450 509 3522 inrita
530 3452 635 3522 etiam
656 3450 808 3529 artifice,
832 3449 1013 3520 intellectu
1034 3450 1177 3540 fulgeat.
1199 3451 1269 3521 Nu·

155 3572 230 3635 tum
260 3571 313 3635 est
344 3565 473 3636 Plotini
497 3566 640 3637 effatum
675 3566 904 3656 «pulchrum
935 3583 1015 3638 esse
1043 3566 1270 3656 splendorem

155 3679 241 3750 reri.
271 3705 286 3742 a
312 3678 505 3762 Caeterum,
528 3681 766 3772 intelligentia
786 3698 932 3751 sensum
953 3680 1175 3759 illustrante,
1198 3682 1269 3751 cla-

156 3794 300 3865 rissima
315 3794 460 3884 ingenia
480 3797 705 3886 propriarum
729 3795 799 3866 sibi
816 3795 953 3867 datium
970 3795 1113 3866 conscia
1132 3813 1273 3886 seraper

154 3907 265 3981 luere.

204 4023 287 4107 Sed,
307 4026 344 4096 in
362 4026 571 4100 huminibus
588 4029 716 4100 natura
733 4024 859 4117 parum
876 4025 1026 4096 munitis
1042 4032 1077 4097 et
1091 4026 1269 4116 perlectis,

63 4233 65 4237 Ι
154 4140 232 4229 ipsa
268 4140 504 4233 intelligentia
530 4144 567 4214 in
599 4144 714 4218 locum
752 4141 906 4233 pectoris
936 4141 1082 4231 irrepit,
1123 4158 1270 4212 sensum

154 4252 311 4326 obruens
328 4275 370 4328 ax
391 4277 463 4348 qun
482 4278 540 4329 ars
567 4260 748 4330 materiam
775 4275 877 4328 snam
902 4255 1028 4341 trahit,
1053 4255 1272 4344 affectusque

155 4369 266 4439 animi
287 4370 403 4444 nitore
420 4375 518 4444 amni
537 4381 570 4445 et
587 4374 712 4445 inuata
729 4371 949 4462 ingenuitate
970 4370 1183 4442 destituens.
1206 4368 1271 4439 llla

121 4523 124 4528 ν
154 4500 303 4556 sensum
331 4488 389 4558 rix
416 4496 539 4560 natum
567 4487 698 4580 excipit
724 4505 765 4559 ac
787 4484 1037 4578 reprehendit,
1064 4483 1210 4556 discutit
1237 4490 1272 4554 et
