3176 5152
617 451 654 464 ..
680 417 715 479 lt
736 449 776 465 ..

139 557 270 628 marcio
289 555 452 629 animose
471 557 681 636 observant,
704 573 781 627 eam
801 555 922 627 videre
945 565 1149 646 nequeunt,
1173 545 1259 647 qnia

139 671 282 742 illorum
305 673 521 752 intellectus,
545 669 677 761 saeptus
698 670 901 752 mediocris,
921 689 1039 744 rernm
1062 673 1198 762 species
1220 674 1258 744 in

139 788 293 858 transitu
320 796 435 867 arcet,
466 797 500 860 et
525 788 722 860 secundum
746 795 941 877 praecepte,
970 787 1007 858 in
1032 796 1258 861 antecessum

140 911 291 984 statuta,
314 903 454 976 flectit:
485 902 750 995 quodquidam
775 903 878 973 nobis
900 922 989 973 rana
1013 902 1257 976 Caraccicrum

141 1019 323 1089 renovatio
341 1018 617 1090 demonstrabit.
640 1017 732 1096 lmb‚
755 1017 903 1088 ineunte
921 1017 1014 1087 lllll⁰
1034 1017 1185 1096 saeculo,
1208 1035 1261 1087 ar·

140 1132 254 1204 tilicas
276 1133 388 1204 multd
408 1132 670 1224 praestantioris
686 1131 835 1221 ingenii,
859 1131 1042 1202 intellectu
1057 1132 1131 1220 iam
1151 1131 1260 1223 impe·

141 1245 312 1328 diuntur‚
336 1266 407 1338 quo
428 1248 565 1319 fallitur
584 1247 622 1317 in
643 1245 695 1317 eis
715 1246 833 1331 risus,
857 1245 1090 1317 obnubilatur
1109 1263 1257 1326 sensus,

141 1363 318 1446 retinetur
336 1364 443 1435 actio.

191 1478 241 1548 De
263 1478 518 1569 llichelangelo
538 1479 645 1550 etiam
662 1485 859 1558 taceamus,
882 1480 984 1566 cujus
1004 1495 1130 1550 omnes
1148 1477 1260 1548 animi

141 1590 288 1662 aflectus
309 1591 346 1661 in
371 1593 603 1682 cogitationes
623 1593 797 1672 eradunt,
819 1592 972 1681 quique,
997 1599 1035 1663 ut
1056 1589 1107 1664 ita
1129 1591 1257 1672 dicam,

142 1705 309 1777 ardentes
325 1707 425 1778 ideas
439 1708 554 1798 pingit
565 1715 600 1780 et
615 1708 758 1797 sculpit.
778 1698 848 1777 Sed
865 1707 1034 1798 Raphaeli
1048 1707 1109 1797 qni
1126 1725 1260 1778 meram

143 1821 217 1892 reri
234 1820 382 1892 artificis
404 1821 489 1914 (non
508 1822 553 1893 ad
576 1808 875 1906 ratiocinandum,
896 1819 1017 1894 verum
1035 1822 1080 1893 ad
1101 1821 1261 1894 sentien-

143 1937 229 2007 dum
249 1934 354 2028 nati),
368 1937 559 2029 imaginem
574 1939 732 2022 exhibet,
746 1939 895 2010 scientia
912 1938 1168 2029 impedimento
1179 1946 1233 2009 est
1250 1963 1259 2009 :

16 2123 20 2127 .
145 2052 242 2142 quod
268 2054 330 2124 illa
359 2072 478 2125 seeum
506 2054 608 2126 ailert
632 2054 724 2125 nibil
756 2051 842 2124 sane
872 2055 967 2125 valet
994 2073 1067 2144 prae
1094 2073 1135 2125 co
1166 2054 1262 2145 quod

144 2169 272 2260 aulerl,
298 2176 337 2240 ut
352 2177 433 2258 pote
454 2189 535 2259 quae
557 2171 719 2242 mirabile
738 2188 907 2241 arcanum
927 2170 1104 2254 destruat,
1128 2189 1169 2242 ex
1191 2188 1262 2259 quo

143 2303 202 2354 ars
223 2290 433 2373 potestatem
459 2303 560 2356 suam
588 2286 703 2362 ducit,
726 2286 861 2357 scilicet
883 2284 1070 2366 delicatam
1098 2294 1132 2357 et
1159 2285 1262 2375 qnasi

144 2398 308 2470 floridam
329 2401 458 2471 sensus
477 2401 690 2484 novitatem,
713 2407 961 2489 secretumque
984 2391 1140 2471 nitorem
1164 2399 1264 2471 allec·

145 2515 217 2585 tris
239 2554 286 2566 -
307 2514 343 2586 Si
364 2515 511 2586 Vasarlo
532 2515 676 2600 oredaS,
699 2522 781 2586 anto
805 2533 940 2586 annum
968 2517 1080 2599 1505,
1107 2516 1264 2605 Rapbael

145 2629 332 2720 nunquam
353 2629 397 2701 da
414 2631 615 2702 arlatomlca
634 2611 784 2702 selentia
804 2629 1026 2702 laboraverat
1049 2654 1056 2699 :
1079 2649 1135 2702 res
1159 2630 1264 2701 modb

146 2745 361 2835 depingebat
381 2746 506 2834 quales
527 2745 683 2829 videbat,
706 2745 801 2815 claro
822 2745 930 2816 simul
952 2751 986 2816 et
1008 2746 1145 2834 poetico
1163 2746 1266 2816 oculo

146 2877 347 2948 expressas
362 2861 421 2930 ‘llo
437 2868 614 2950 tempore,
637 2859 747 2950 quum
768 2859 813 2930 ab
834 2861 999 2930 Atalanta
1016 2860 1184 2950 Baglione
1206 2878 1266 2931 ne·

146 2975 280 3064 gotium
306 2976 500 3064 accepisset
533 2976 757 3046 «Christum
788 2976 825 3044 ln
853 2975 991 3046 tumulo
1021 2975 1260 3064 depositum»

147 3087 354 3179 attingendi,
374 3091 470 3159 venit
489 3092 522 3162 ei
542 3091 579 3160 in
603 3098 771 3174 urentem,
799 3091 875 3162 loco
899 3108 986 3172 suc,
1010 3099 1209 3161 monstrare
1229 3108 1267 3161 se

148 3221 214 3274 nec
233 3204 340 3276 nudae
360 3205 499 3291 lormae,
527 3223 593 3276 nec
620 3207 862 3295 quaestionum
882 3223 925 3276 ex
949 3207 991 3276 aa
1015 3204 1264 3294 pendentium,

147 3337 214 3390 nec
233 3319 420 3390 modorum
448 3321 577 3392 modiis
603 3322 756 3392 inscium
785 3320 933 3391 omnint
962 3337 1054 3392 esse.
1087 3320 1269 3411 Additque

146 3434 317 3508 Vasarius
335 3435 437 3505 illum
456 3454 529 3506 non
546 3436 626 3507 sine
645 3454 772 3526 magno
791 3443 919 3508 conatu
936 3435 1113 3507 nudarum
1135 3435 1269 3524 specie·

148 3567 228 3622 rum
259 3550 408 3640 gratiam
440 3552 682 3636 intellexisse,
715 3559 749 3624 et
773 3561 883 3624 artem
906 3559 1085 3623 contracta
1108 3552 1270 3621 membra

148 3665 259 3755 plana
279 3663 393 3756 effigie
413 3663 586 3738 reddendi
606 3667 796 3749 didicisse;
825 3708 872 3717 —
891 3667 1001 3757 idque
1021 3666 1268 3757 lliobelangeli
1331 3737 1339 3752 ,

148 3779 352 3850 imitatione
378 3789 634 3871 comparatum.
667 3783 777 3872 Cujus
807 3785 856 3854 rei
887 3781 1135 3872 probationem
1169 3781 1271 3852 affert

148 3893 319 3966 insolitus
345 3894 560 3984 graphidum
587 3895 631 3966 de
658 3897 725 3966 hic
753 3897 875 3967 tabula
903 3914 1091 3967 numerus.
1124 3897 1271 3967 Constat

149 4009 365 4096 Rapbaelem
389 4008 537 4079 assiduo
566 4011 648 4080 nisu
677 4029 716 4081 se
739 4012 858 4102 ipsum
884 4019 1140 4100 contorquere,
1166 4003 1270 4082 natu'·

149 4141 227 4194 ram
248 4124 547 4214 interrogantem,
571 4143 654 4196 ossa
673 4125 718 4195 ad
743 4127 904 4197 habitum
928 4127 995 4197 vivi
1020 4129 1178 4217 corporis
1199 4127 1271 4198 dis·

149 4245 363 4328 ponentem,
392 4244 430 4308 ut
450 4239 630 4330 Virginem
652 4240 697 4311 ad
716 4242 833 4312 vivum
854 4243 1068 4327 imitaretur,
1093 4243 1272 4332 magistris

150 4343 302 4442 insuper
327 4352 514 4434 omnibus,
538 4355 711 4426 Perusino
738 4363 771 4426 et
797 4357 971 4428 Mantinia
995 4355 1208 4450 (Mantegna)
1238 4366 1272 4430 et

151 4467 411 4558 llliclrelangelo
431 4467 618 4540 invocatis.
637 4469 781 4564 Editum
801 4471 957 4562 denique
974 4472 1012 4542 in
1034 4473 1147 4543 lucem
1166 4491 1270 4563 opus,

578 4581 585 4592 ‘
1096 4585 1113 4646 2
