3160 5152
748 1289 1008 1363 CONCLUSIO.

371 1626 473 1714 Quod
493 1633 533 1706 ,et
558 1630 664 1718 quale
691 1627 738 1700 sit
763 1627 947 1718 preprium
976 1628 1088 1700 ltaliae
1113 1626 1313 1722 ingenium,
1341 1645 1440 1699 nune

322 1740 467 1834 planitas
485 1763 528 1816 ex
545 1751 740 1816 ceterarum
759 1743 918 1835 gentium
938 1744 1187 1816 observatione
1204 1752 1240 1816 et
1257 1763 1440 1834 eompara-

321 1862 420 1933 liuue
439 1867 547 1952 patet.
573 1861 649 1932 Una
669 1859 735 1932 dus
753 1859 852 1931 illius
873 1859 1156 1951 magnitudinem
1180 1860 1287 1931 simul
1311 1868 1346 1931 et
1363 1859 1439 1929 rui-

323 1995 405 2048 nam
434 1977 546 2067 parit,
576 2015 623 2027 -
653 1975 788 2046 scilieet
816 1975 950 2045 nimius
979 1975 1046 2046 iste
1074 1975 1278 2046 intellectus
1305 1975 1438 2050 uultus,

323 2111 444 2183 quem,
462 2091 507 2162 ab
523 2091 642 2170 initio,
660 2087 803 2180 copiose
820 2091 1062 2162 tractavimus,
1080 2092 1191 2161 Trans
1208 2091 1329 2160 omnia
1344 2107 1440 2179 quae·

323 2224 475 2296 eumque
491 2206 588 2278 videt
605 2212 668 2276 aut
683 2205 797 2294 lingit,
817 2206 977 2276 ltalieum
995 2204 1178 2296 ingenium
1201 2223 1280 2277 sese
1299 2221 1441 2294 semper

323 2327 358 2392 el
383 2317 486 2392 unice
515 2319 697 2411 exprimit.
728 2317 819 2390 lldm
851 2319 1024 2410 Hispania
1054 2326 1087 2391 el
1116 2319 1257 2390 Batavia
1283 2317 1438 2409 perlina-

324 2435 410 2506 eiter
428 2453 608 2527 eurpnreae
629 2434 764 2506 veritati
783 2435 1009 2517 incumbunt,
1028 2431 1441 2527 dirmBelgium.mini1s

324 2551 545 2642 religiosum,
569 2550 631 2623 sed
653 2558 791 2622 naturae
811 2551 917 2621 etiam
939 2549 1133 2630 amantius,
1155 2558 1228 2622 tuto
1249 2548 1376 2621 ardore
1395 2547 1441 2620 ad

326 2666 545 2739 reddendam
573 2685 690 2738 rerum
712 2666 781 2736 vim
809 2664 988 2756 propriam
1015 2671 1050 2735 et
1074 2664 1291 2756 singularem
1317 2664 1439 2744 vitam,
1490 2681 1492 2686 ·

325 2779 506 2866 inuititur,
529 2779 632 2851 ltalia
651 2787 788 2852 naturae
808 2779 944 2871 speeies
966 2776 1099 2869 saepids
1115 2779 1252 2869 judicio
1272 2795 1337 2850 sun
1356 2778 1444 2850 sub-

321 2895 412 2986 jieit.

247 3103 250 3108 Ι
375 3011 496 3081 Donec
517 3011 609 3100 riget
631 3010 886 3102 intelligentia,
910 3010 997 3081 satis
1022 3008 1076 3080 illi
1096 3015 1150 3081 est
1170 3026 1300 3081 sensus
1321 3016 1441 3079 eusto-
1571 3033 1572 3036 ¹

328 3123 404 3196 dire
424 3131 459 3196 et
478 3123 524 3196 ad
548 3143 670 3197 eorum
692 3126 874 3216 exemplar
895 3123 979 3216 llngi
1005 3149 1013 3197 :
1040 3121 1180 3204 rerdm‚
1206 3123 1266 3195 ubi
1289 3124 1444 3214 arreptis

327 3238 419 3311 ideis
441 3239 588 3330 impleta
607 3249 681 3321 est,
705 3239 883 3331 quidquid
908 3241 1093 3320 observat,
1115 3242 1195 3330 ipsa
1221 3238 1392 3332 depravat
1410 3246 1446 3310 et

329 3361 485 3445 torquet.
510 3357 580 3428 lsta
599 3356 744 3446 quidem
767 3357 941 3444 damnosa
967 3355 1115 3428 facultas
1143 3357 1215 3448 qua
1242 3355 1445 3427 intellectus

207 3515 210 3520 ·
329 3469 435 3541 vitam
467 3471 504 3541 iu
533 3471 709 3544 elementa
734 3471 924 3543 rationalia
944 3470 1121 3553 dissolvit,
1144 3472 1291 3561 picturae
1311 3469 1446 3542 lieren-

330 3583 414 3656 liuae
434 3586 536 3675 quasi
560 3586 750 3676 peculiaris
775 3593 849 3665 est;
871 3585 933 3657 sed
950 3585 1086 3678 pletura
1109 3586 1328 3667 Florentium
1354 3591 1447 3676 mag·

330 3717 458 3770 norum
481 3701 637 3773 virorum
657 3704 777 3793 opera,
798 3703 908 3774 ltaliae
931 3719 993 3793 per
1009 3708 1122 3774 lotum
1141 3701 1258 3774 llVlum
1274 3703 1444 3774 saeculum

330 3813 550 3887 dominatur.

379 3927 468 4002 Vere
487 3930 595 4022 igitur
612 3931 682 4003 diei
698 3938 816 4022 potest
830 3932 988 4003 italicum
1006 3932 1196 4024 quemdam
1217 3930 1446 4010 idealismatm

331 4063 423 4128 esse,
445 4064 516 4136 quo
536 4065 591 4119 res
608 4046 817 4138 dignitatem
836 4056 870 4120 et
885 4049 1072 4120 illecebras
1092 4049 1205 4140 magis
1223 4067 1265 4121 ex
1287 4050 1446 4120 hominis

330 4161 543 4252 rogitatione
564 4160 671 4254 qu'am
693 4182 735 4234 eu
754 4166 884 4235 naturai
902 4165 968 4236 sua
985 4165 1177 4246 hauriunt;
1195 4163 1348 4256 idedque
1364 4165 1447 4237 talis

255 4343 257 4347 .
332 4275 1445 4373 disciplinaempmentumabipsiusmentispretiupendetll).

363 4511 397 4579 ll)
415 4510 591 4575 nuenarius,
609 4513 656 4584 qui
671 4519 726 4566 tem
742 4515 843 4570 acriter
857 4517 949 4568 italien
966 4516 1093 4587 quaedum
1109 4516 1178 4575 vitia
1191 4515 1337 4591 perspicit,
1352 4516 1450 4573 contra
