3176 5152
792 401 953 468 -34-

310 545 440 636 operis,
478 546 582 618 Senee
616 541 774 638 (Sienne)
811 544 983 622 contecta,
1020 542 1213 614 delineatio
1249 540 1425 635 (videlieet

312 658 445 731 Trium
468 657 718 752 Gratiarum),
742 659 923 730 liberrima
945 657 1099 739 videtur,
1119 664 1154 729 et
1176 665 1288 728 artem
1319 657 1427 736 tradit

311 775 400 848 adeo
416 776 461 846 ab
480 775 675 865 exemplari
695 773 918 846 differentem
942 782 978 844 ut
999 793 1072 844 non
1096 774 1192 844 mera
1211 772 1423 854 imitatione,

316 889 391 984 (qni
412 891 507 962 enim
532 887 581 961 ita
600 890 740 980 cogitet,
760 886 885 979 partim
908 885 1010 977 aeqn'e
1031 888 1177 978 pictoris
1197 887 1424 959 calliditatem

312 1003 495 1091 aestimet),
517 1004 580 1076 sed
602 1005 736 1078 incerta
757 1005 928 1076 memorio
946 1003 1060 1074 efficta
1082 1003 1243 1075 videatur
1264 1027 1272 1073 :
1295 1003 1427 1092 illaque

313 1119 394 1194 ideo
421 1121 536 1209 majus
566 1120 673 1190 etiam
704 1126 924 1190 momentum
955 1119 1083 1196 babet;
1116 1115 1245 1208 nemp'e
1273 1118 1428 1190 ostendit

313 1234 421 1325 quam
447 1232 591 1325 penitbs
620 1234 738 1306 italica
763 1233 885 1306 indole
909 1234 1070 1306 imbutus
1095 1235 1142 1305 sit
1169 1233 1341 1323 Rapbael,
1367 1233 1427 1323 qui

314 1350 459 1441 quidem
484 1351 599 1440 primo
622 1350 849 1439 antiquitatis
874 1369 1022 1422 occursu
1045 1350 1255 1428 oblectatur,
1278 1347 1429 1424 fideliter

314 1465 396 1537 verb
416 1465 591 1555 plebeiam
613 1459 682 1536 rint
703 1473 738 1538 et
757 1467 906 1555 gratiam
927 1474 1055 1537 servat.
1076 1465 1272 1537 -Urbem
1291 1465 1426 1555 ingres·

315 1599 391 1665 sus,
412 1579 539 1652 iisdem
563 1581 739 1654 illecebris
755 1579 1002 1654 vehementids
1024 1584 1162 1672 capitur
1182 1606 1190 1651 ε
1210 1581 1255 1652 ad
1272 1588 1426 1652 veterum

314 1703 447 1773 artem,
470 1715 512 1767 ex
534 1696 726 1768 ditissimis
747 1698 868 1768 Romae
893 1697 1072 1769 thesauris
1093 1703 1127 1768 et
1146 1697 1253 1766 simul
1275 1713 1316 1767 en
1338 1696 1430 1766 litte-

315 1819 491 1891 ratorum,
520 1820 559 1884 ut
587 1812 708 1884 Bembi
732 1813 1034 1903 Castiglionisqne
1062 1811 1274 1883 commercio
1303 1807 1429 1883 melitis

316 1933 451 2008 rtomm,
469 1927 506 1998 in
524 1927 601 1999 dies
620 1929 732 2018 magis
753 1928 963 2000 exardescit.
981 1930 1058 1999 lam
1078 1927 1297 1999 doctissimis
1317 1925 1427 2015 serip-

315 2043 455 2114 tnribus
484 2043 701 2114 declaratum
731 2050 785 2114 est
814 2040 989 2132 quantum
1018 2043 1075 2113 bis
1101 2042 1220 2113 causis
1246 2041 1431 2112 immutata

316 2157 422 2230 luerit
436 2159 535 2229 illius
555 2176 613 2228 ars
628 2164 663 2229 et
681 2159 859 2248 cogitatio.
877 2158 953 2230 Dici
970 2165 1086 2248 potest
1108 2158 1322 2248 Rapbaelem
1341 2158 1430 2228 anti·

317 2274 444 2363 unitati
461 2291 534 2344 non
554 2280 593 2344 ut
612 2271 784 2345 artificem
803 2270 964 2350 motum,
988 2271 1051 2344 sed
1073 2279 1111 2343 nt
1129 2271 1291 2344 historiae
1311 2271 1427 2342 inves-

317 2389 516 2479 tigatorem,
537 2387 747 2460 incubuisse
770 2385 834 2482 (l).
859 2387 1050 2460 Fossiones
1071 2388 1288 2478 speculatur,
1312 2387 1432 2456 llusea

318 2504 426 2596 regit,
449 2504 597 2593 antiqua
622 2521 729 2594 opera
750 2510 950 2593 comparat,
973 2503 1212 2574 delineatores
1232 2501 1269 2571 in
1295 2501 1430 2572 ltaliam

318 2628 353 2691 et
372 2620 409 2691 in
430 2619 599 2691 Graeciam
620 2619 728 2691 mittit
748 2619 809 2707 qui
831 2626 1064 2690 monumenta
1084 2624 1222 2697 notent,
1246 2624 1358 2689 tentat
1376 2635 1433 2687 cu-

318 2735 461 2824 gitatam
485 2733 613 2805 veteris
633 2735 753 2805 Romae
775 2733 929 2823 speciem
951 2733 1137 2804 restituere
1162 2730 1254 2823 (vide
1272 2728 1429 2799 Relatio-

317 2870 399 2918 nem
422 2848 472 2916 od
491 2847 720 2937 Pontificem,
742 2867 838 2918 anno
862 2851 953 2919 1518
974 2856 1036 2918 aut
1063 2844 1191 2938 lcte);
1216 2848 1321 2917 vitam
1341 2846 1435 2916 inter

319 2965 521 3035 Graecorum
547 2963 685 3034 tabulas
711 2971 746 3035 et
768 2963 914 3035 inventa
935 2963 1030 3054 degit
1053 2962 1110 3056 (ci.
1134 2958 1431 3061 Soluntum-,Athe-

317 3079 491 3164 niensem,
514 3077 758 3162 Parnassum,
783 3077 968 3170 Psychen,
994 3076 1200 3166 Galateam,
1231 3074 1329 3170 etc).
1356 3077 1434 3147 Non

320 3195 427 3270 modo
452 3213 521 3277 res,
547 3201 586 3266 ut
606 3203 721 3268 vestes
745 3201 780 3265 et
802 3213 913 3274 arma,
939 3193 1167 3284 abantiquis
1190 3192 1345 3283 effingit,
1372 3189 1435 3262 sed

320 3328 493 3400 personas
515 3307 735 3402 (Homerum,
756 3309 966 3399 Gallionem,
987 3306 1191 3399 Marsyam).
1211 3306 1436 3396 Exemplaria

321 3426 396 3506 illa,
415 3422 621 3514 quanquam
639 3424 832 3506 moderate,
850 3424 896 3495 ad
914 3423 1166 3494 illustrandam
1184 3423 1300 3494 ideam
1317 3439 1432 3500 snam,

321 3541 352 3611 si
377 3540 467 3612 torte
488 3548 616 3611 natura
635 3538 812 3622 defleant,
834 3539 1002 3620 adhibet,
1026 3557 1143 3628 neque
1168 3537 1327 3629 unquam
1351 3537 1435 3608 snb-

321 3655 438 3727 stituit
459 3655 497 3725 in
519 3656 635 3728 locum
659 3661 809 3736 naturae,
835 3672 943 3744 quam
964 3673 1006 3727 er
1028 3655 1231 3746 propinquo
1253 3650 1435 3743 usquead

323 3770 484 3843 ultimam
505 3769 599 3842 dibm
620 3769 799 3842 observat.

370 3882 473 3976 Saen'e
501 3883 691 3975 quaesitum
718 3891 772 3956 est
799 3885 871 3974 qua
898 3884 1035 3956 ratione
1058 3893 1093 3956 et
1119 3884 1304 3974 usquead
1330 3899 1434 3974 quem

323 4000 469 4072 mod-um
489 3998 616 4079 artilex
642 3999 828 4089 antiquam
852 4006 913 4071 aut
932 4007 1136 4071 extraneam
1165 4000 1321 4090 speciem
1351 4017 1436 4070 con-

355 4261 387 4325 (l)
402 4277 414 4309 o
429 4261 529 4310 Vorrei
544 4265 654 4310 trovare
665 4262 690 4309 lo
705 4261 775 4310 belle
788 4261 875 4309 forme
889 4261 962 4324 degli
976 4261 1067 4310 edifizi
1080 4262 1198 4323 antichi;
1214 4260 1248 4310 ne
1259 4274 1291 4310 so
1304 4273 1334 4308 se
1347 4260 1366 4308 il
1377 4259 1439 4308 volo

323 4341 385 4392 sard
405 4340 519 4390 d'learo.
541 4340 633 4390 Mene
649 4354 804 4404 porgeuna
819 4354 886 4404 gran
907 4342 969 4404 luce
985 4341 1129 4402 Vitruvi0,
1149 4357 1193 4391 ma
1212 4354 1269 4390 non
1289 4343 1366 4389 tanto
1391 4338 1440 4388 che

324 4421 436 4482 hasti...,
452 4425 504 4470 etc.
518 4436 531 4468 u
545 4419 679 4483 (Rapbael
694 4420 728 4469 ad
744 4420 833 4470 Balth.
847 4419 1054 4484 Castiglionem‚
1067 4425 1199 4471 Raccolta
1214 4423 1244 4470 di
1257 4423 1353 4469 lettere
1367 4421 1441 4468 sulla

323 4503 472 4562 piltttt·n...,
489 4503 540 4548 etc.
555 4498 651 4560 Roma,
668 4499 735 4549 titt.
752 4499 923 4558 Barbiollini,
940 4500 961 4556 l,
975 4501 1024 4563 tt.)
