3176 5152
840 432 979 492 ..8-

353 572 527 653 aestimat,
550 570 689 662 regulas
715 569 852 640 alienas
873 575 907 640 et
934 575 1137 642 extraneam
1161 571 1390 664 disciplinam
1411 571 1469 642 iu-

354 682 557 765 troduceus‚
581 685 798 774 tandemque
822 686 975 774 speciem
995 684 1155 758 fictitiam
1176 689 1225 758 rei
1246 688 1315 778 ipsi
1339 686 1467 757 subro·

352 810 411 894 gat
434 827 442 873 :
468 801 564 874 unde
582 801 623 872 tit
642 798 681 872 ut
700 800 836 890 specics
857 801 943 879 ista,
969 801 1076 872 etiam
1102 803 1132 872 si
1153 803 1328 893 principio
1348 809 1471 873 exacta

354 917 479 1000 luerit,
508 925 696 1007 postquam
716 935 737 984 a
760 935 797 986 re
816 918 899 987 uera
922 924 1086 1006 separata
1109 927 1189 1012 est,
1206 919 1295 989 laisa
1325 915 1471 989 uenum
1581 899 1582 932 ³

280 1061 287 1070 ·
354 1041 389 1106 at
417 1033 570 1104 mendax
595 1038 721 1102 exstet.
755 1033 870 1120 Atque
898 1029 947 1103 ila
970 1033 1143 1122 paulatim
1170 1035 1353 1124 ingenium
1381 1033 1472 1122 ipsis
1581 1101 1582 1108 a

355 1148 542 1241 speciebus
562 1147 748 1237 anteponit
773 1147 867 1237 leges
893 1155 927 1218 et
946 1147 1081 1220 imdera
1101 1167 1182 1238 quae
1208 1167 1251 1220 ex
1272 1149 1471 1239 specierum
1581 1201 1582 1246 p

355 1260 621 1355 comparatione
642 1262 845 1334 discernere
864 1263 935 1333 sibi
952 1263 1108 1344 videtum
1131 1271 1183 1344 et,
1210 1265 1254 1335 ad
1277 1283 1470 1341 summam.

355 1398 419 1470 pro
453 1378 593 1456 sincera
618 1385 756 1449 naturae
788 1377 943 1468 imagine
972 1396 1012 1447 ac
1038 1380 1124 1449 nota
1155 1381 1313 1470 exsurgit
1341 1379 1475 1450 labrioa
1521 1421 1524 1428 ·

357 1494 522 1584 quaedam
540 1512 582 1565 ex
601 1493 679 1564 sola
698 1493 911 1583 cogitatione
930 1500 1037 1565 terta.

381 1611 478 1680 “Hac
497 1609 592 1680 enim
615 1609 752 1679 ratione
777 1608 978 1679 necessario
1001 1616 1035 1679 et
1060 1609 1164 1699 quasi
1190 1607 1372 1682 dialectice
1393 1629 1475 1700 pro·

357 1724 516 1815 graditur
531 1724 689 1794 bumana
710 1742 811 1794 mens
835 1746 843 1792 :
866 1721 1021 1813 prinum
1043 1724 1203 1812 quidem,
1228 1725 1282 1795 rix
1303 1744 1472 1816 experge·

360 1839 470 1918 iacta,
500 1837 678 1931 quidquid
708 1839 932 1927 circumjacet
959 1839 1115 1929 ingenua
1143 1859 1207 1930 spe
1230 1838 1474 1930 am'plectitur;

359 1970 441 2026 mor
462 1959 596 2033 autem,
617 1951 781 2040 deposita
801 1953 974 2043 gradatim
996 1953 1139 2039 fiducia,
1159 1973 1181 2023 a
1199 1955 1307 2025 rebus
1329 1955 1367 2025 in
1388 1954 1479 2044 seip-
1581 1937 1582 1982 ³

359 2085 434 2138 sam
457 2068 662 2150 reflectitur,
685 2075 720 2138 et
739 2067 789 2138 ibi
810 2087 849 2138 so
868 2067 1042 2139 continet.
1066 2068 1206 2140 Priores
1227 2070 1372 2141 Graeciae
1396 2071 1477 2159 pbi-
1580 2081 1582 2116 l

361 2182 502 2271 losopbi
529 2183 673 2254 Naturae
699 2183 986 2262 accredideram
1009 2184 1226 2273 posteriores
1252 2185 1410 2274 ingenio.
1433 2185 1477 2254 Hi
1581 2269 1582 2276 Ν

361 2298 558 2369 doctrinam
577 2317 678 2369 suam
708 2298 814 2370 rebus
837 2296 1031 2377 iulcibant;
1054 2297 1125 2383 tili,
1149 2306 1331 2370 externam
1359 2318 1477 2370 rerum

363 2415 544 2484 veritatem
565 2414 602 2482 in
624 2413 773 2484 dubium
796 2420 1014 2488 revocantes,
1037 2413 1073 2482 in
1095 2413 1209 2502 ipsam
1228 2414 1477 2504 cogitationem
1581 2465 1582 2504 p

362 2527 621 2618 dispiciendam
646 2547 684 2599 se
703 2527 948 2599 intenderunt.
974 2528 1107 2598 Pariter
1135 2548 1155 2598 a
1179 2529 1354 2619 principio
1386 2530 1478 2600 serti

363 2641 490 2718 decimi
514 2645 657 2728 saeculi,
681 2663 738 2714 ars
757 2641 807 2713 it'a
827 2642 991 2733 progredi
1011 2643 1049 2712 in
1071 2644 1172 2714 ltalia
1194 2645 1269 2714 risa
1289 2652 1342 2715 est
1363 2652 1400 2716 ut
1420 2644 1478 2716 io-

361 2757 456 2847 geuii
484 2767 694 2848 conceptus,
717 2776 782 2828 nec
805 2759 879 2848 jam
909 2765 1046 2828 naturae
1066 2759 1258 2849 imaginem
1282 2777 1481 2850 repraesen-

362 2879 463 2944 taret.

411 2989 450 3058 ln
468 2988 561 3059 banc
576 2988 666 3059 riam
684 2990 812 3058 naturai
829 2989 947 3078 proni,
965 2987 1133 3072 artifices,
1148 2990 1357 3078 jurantibus
1374 2990 1484 3060 rebus

363 3123 403 3175 ac
428 3104 667 3193 temporibus,
696 3103 979 3193 praecipuarum
1004 3104 1151 3192 iurante
1173 3103 1351 3194 imprimis
1376 3103 1484 3174 modo

364 3218 528 3290 restituta
548 3217 809 3290 Platonicorum
832 3218 1040 3308 disciplina,
1064 3237 1172 3308 quam
1193 3236 1265 3288 non
1284 3219 1381 3308 parri
1403 3237 1482 3289 mo-

365 3335 476 3403 menti
514 3334 550 3402 in
582 3335 784 3405 Italicorum
819 3334 1044 3424 ingeniorum
1076 3341 1173 3404 motu
1203 3333 1315 3404 luisse
1350 3331 1485 3424 saepius

366 3449 554 3538 probatum
575 3456 642 3519 est.
672 3450 949 3539 llichelangelus
970 3450 1065 3520 eniru
1090 3449 1300 3519 clarissimis
1325 3449 1486 3520 Platonis

365 3562 564 3633 fautoribus
599 3582 686 3634 usus
720 3572 792 3643 est,
828 3564 1032 3652 frequenter
1065 3581 1145 3634 cum
1174 3563 1331 3634 Marsilio
1362 3561 1487 3632 Piciuo

370 3677 627 3772 (litt-llio),
667 3680 703 3748 in
744 3678 971 3750 Medicaeanis
1009 3679 1121 3749 bortis
1163 3686 1342 3757 versatus;
1382 3680 1487 3768 cujus

366 3794 472 3864 etiam
485 3794 596 3864 Picini
611 3794 782 3884 Rapbab'l,
800 3795 867 3864 etsi
880 3794 1015 3882 iunior,
1033 3794 1279 3864 auctoritatem
1296 3799 1350 3864 est
1363 3811 1490 3883 erper-

367 3923 438 3999 tus,
464 3917 637 4006 cujusque
664 3899 811 4006 placita,
834 3916 1096 4008 quinquaginta
1116 3917 1196 4006 pbst
1216 3917 1335 4001 annis,
1360 3918 1491 3986 Lomo-

366 4031 438 4102 tius
460 4032 662 4122 usurpabit.

415 4145 519 4235 Apud
553 4150 651 4236 ipsos
682 4147 834 4238 pictores
865 4146 1091 4236 antiquitatis
1122 4145 1271 4218 minim'e
1304 4147 1487 4231 curiosoS,

368 4257 496 4351 nempb
516 4263 744 4342 Perusinum,
771 4262 863 4354 (vide
883 4262 920 4332 in
944 4259 1039 4332 Casa
1057 4260 1115 4330 del
1133 4259 1299 4341 Gombio,
1330 4262 1489 4351 picturas

368 4375 439 4447 udo
455 4377 602 4448 tectorio
619 4375 758 4470 illitas),
777 4397 916 4450 necnon
928 4386 963 4450 et
979 4376 1196 4456 Gorzotium
1215 4375 1348 4466 (couler
1359 4377 1488 4447 llivum

367 4493 538 4564 Tbomam
555 4492 785 4583 Aquinatem,
803 4495 840 4565 in
859 4502 981 4567 nostro
998 4491 1119 4562 Mosae
1132 4493 1181 4562 do
1202 4488 1371 4583 maore),
1389 4491 1489 4564 inre·
