3176 5152
636 469 675 481 -
698 434 735 496 59
755 407 804 484 -’

153 573 229 640 tate
258 569 399 642 animos
426 572 609 648 imbuunt.
637 571 789 645 Difficile
814 569 969 663 primirm
996 578 1051 643 est
1080 553 1278 661 intelligere

154 701 316 773 quonam
350 687 455 759 modo
483 689 536 759 vir
563 690 642 768 ille,
673 689 734 779 qui
770 691 915 760 Romam
946 705 1133 776 nunquam
1167 686 1276 757 intra·

73 831 76 839 ·
153 798 207 870 vit
232 799 296 894 (l),
319 809 354 873 et
382 801 565 875 rarissime
592 805 629 874 in
660 804 753 874 aulis
781 803 984 893 principum
1014 809 1174 872 versatus
1202 809 1274 884 est,
1325 811 1327 816 '

154 921 277 987 tantas
311 917 348 988 ln
379 937 417 990 se
448 919 662 1002 munditias,
693 926 762 989 tam
794 918 1029 1008 compositum
1059 917 1213 1006 leporem
1243 924 1278 988 et

155 1027 328 1102 blandam
366 1043 586 1106 venustatem
622 1035 810 1106 invenerit.
854 1033 923 1105 Sed
961 1031 1186 1123 cogitandum
1224 1038 1278 1103 est

155 1148 333 1236 egregiam
353 1149 450 1220 illam
473 1150 680 1240 dignitatem
698 1151 846 1239 picturae
861 1147 989 1219 italicae
1004 1165 1083 1219 esse
1099 1148 1274 1218 innatam.

158 1261 278 1332 Primo
303 1263 494 1354 adspectu,
517 1262 620 1358 longe
647 1262 732 1336 san'e
758 1264 876 1335 ditiert
895 1262 1082 1352 Corregins
1111 1281 1131 1332 a
1156 1262 1278 1332 severa

158 1373 298 1446 ratione
317 1379 513 1459 Mantiniae,
532 1399 552 1449 a
573 1398 644 1469 quo
665 1385 792 1469 putant
813 1379 913 1449 illum
936 1375 1053 1449 adbirc
1071 1377 1276 1447 adolescen-

155 1495 228 1560 tem
255 1491 406 1563 sortasse
434 1494 639 1565 institutum
667 1493 790 1564 luisse.
821 1493 970 1572 Tamen,
996 1491 1101 1562 etiam
1130 1491 1166 1560 in
1196 1489 1274 1560 rudi

158 1604 320 1676 Patavini
344 1615 437 1692 arte,
460 1609 581 1680 nescio
607 1609 693 1699 quid
710 1606 966 1680 'delicatissimi
990 1615 1023 1679 et
1047 1605 1275 1677 subtilissimi

157 1720 285 1810 spirat.
322 1723 480 1814 Diligens
517 1725 579 1795 illa
609 1743 711 1806 eura,
740 1743 821 1814 quae
849 1725 887 1794 in
920 1723 1102 1794 Mantiniae
1132 1722 1276 1812 ingenio

159 1835 268 1924 paulo
291 1837 425 1909 aridior
443 1847 477 1910 et
496 1839 632 1912 acutior
652 1840 803 1920 videtur,
829 1840 947 1911 mollis
970 1838 1010 1909 rit
1036 1846 1070 1910 et
1098 1837 1276 1908 fluctuans

159 1947 199 2018 in
226 1951 391 2023 muliebri
420 1953 575 2044 Corrcgii
605 1974 727 2026 mann.
757 1955 853 2025 ldem
880 1962 998 2024 tamen
1019 1953 1130 2024 animi
1152 1952 1300 2022 vitium-

159 2063 304 2137 duobus
325 2070 513 2140 contrariis
534 2070 719 2141 atiectibus
741 2069 902 2159 proditur
916 2093 931 2140 ,ε
953 2070 1042 2140 alter
1059 2066 1104 2137 ad
1124 2067 1275 2137 nimium

160 2181 272 2252 robur
291 2183 505 2265 intenditur,
528 2186 618 2256 alter
637 2186 682 2257 ad
705 2187 851 2257 nimiam
879 2185 1041 2276 gratiam.
1064 2185 1113 2254 Ex
1136 2182 1277 2253 duobus

159 2297 343 2369 erroribus
364 2301 541 2389 posterior
560 2301 820 2391 indulgentiam
849 2308 1007 2371 nostram
1035 2295 1167 2388 saepius
1189 2295 1279 2368 obti-

160 2419 242 2492 net,
270 2413 367 2504 prior
384 2419 501 2487 a‘utem
523 2417 621 2488 illam
647 2415 774 2489 melius
800 2422 966 2488 meretur.
994 2413 1150 2502 Corregii
1176 2413 1278 2484 atiec·

161 2528 248 2598 latio
268 2547 288 2599 a
307 2530 412 2602 corde
431 2538 567 2613 tenero,
591 2540 625 2603 et
644 2551 752 2604 sensu
774 2533 967 2622 exquisito,
990 2529 1053 2601 sed
1074 2529 1278 2601 etieminato

160 2643 341 2732 proccdlt;
368 2647 497 2718 sensris
519 2647 614 2718 enim
641 2646 810 2718 mollities
836 2646 924 2717 adab
943 2652 1150 2726 extenuata,
1174 2643 1277 2714 affec·

160 2763 262 2828 tuum
287 2758 508 2833 debilitatem
534 2763 638 2853 parit.
671 2765 710 2833 ln
738 2763 800 2834 illo
826 2763 947 2833 nobile
973 2779 1085 2852 genus
1114 2765 1274 2850 apparet,

160 2889 300 2944 necnon
322 2881 356 2945 et
375 2868 571 2948 exhaustus
592 2879 753 2968 sanguis.
781 2880 819 2949 ln
842 2879 939 2949 illius
961 2876 1131 2966 operibus
1155 2875 1277 2946 omnia

158 2985 413 3078 improvisaet
440 2999 560 3082 putata
585 2993 693 3063 simul
714 2992 881 3063 videntur
903 3016 911 3062 :
935 2991 1097 3062 videlicet
1117 2989 1277 3059 membra

159 3102 328 3176 audacter
356 3114 553 3188 contracta,
581 3107 767 3198 compositi
793 3113 934 3198 gestus,
965 3125 1026 3176 ora
1054 3103 1275 3176 solertiorem

160 3217 419 3308 ingenuitatem
441 3222 651 3301 redolentia,
674 3223 859 3294 concinnae
880 3222 997 3292 rultirs
1015 3219 1174 3310 argutiae,
1195 3236 1277 3289 ean·

162 3330 281 3403 didior
312 3335 442 3408 cultus.
480 3334 654 3408 Caeterirm
688 3337 826 3408 sincera
858 3343 912 3408 est
944 3336 1042 3405 illins
1076 3333 1274 3418 subtilitaS,

161 3447 316 3538 ideoque
345 3450 559 3538 suavissima
586 3450 730 3522 inventa
756 3451 868 3541 gignit
891 3447 955 3543 (i).
986 3451 1136 3538 insuper
1155 3448 1278 3518 Corre-

161 3563 242 3653 gius
263 3562 383 3636 minis
403 3564 584 3638 intellectu
605 3574 639 3638 et
659 3566 764 3639 corde
779 3566 924 3646 eminet,
944 3564 1050 3655 uuam
1068 3565 1202 3636 secreta
1218 3562 1280 3633 illa

163 3678 210 3758 vi,
233 3698 315 3769 qum
336 3687 479 3752 vocatur
499 3682 636 3771 poesis,
659 3690 694 3753 et
720 3701 801 3771 quae
827 3677 922 3770 saepe
943 3681 1078 3750 nullam
1100 3678 1278 3770 cognatio·

163 3812 245 3865 nem
269 3813 347 3866 cum
373 3795 453 3872 istis
482 3796 603 3869 babet.
627 3797 811 3888 Quidquid
832 3798 868 3866 in
891 3795 1041 3867 dirersis
1061 3795 1139 3885 ejus
1163 3793 1279 3884 operi-

193 4039 227 4100 (l)
251 4055 263 4086 rr
286 4039 315 4089 Si
337 4039 451 4089 Romam
474 4041 616 4105 ingressus
636 4046 718 4104 esset,
739 4043 839 4091 multas
862 4042 918 4090 illic
937 4054 1017 4090 curas
1037 4039 1243 4089 concitavisset.
1266 4054 1278 4086 u

161 4119 328 4181 (Vasarius.)

194 4199 227 4262 (i)
237 4199 310 4248 Vide
321 4199 498 4262 Magdalenae
509 4214 603 4264 genas,
616 4201 704 4252 divini
715 4201 837 4250 bambini
848 4202 921 4250 cruri
933 4199 1066 4249 amatorie
1077 4199 1184 4266 affixas;
1197 4203 1280 4261 atquo

162 4279 245 4328 etiam
257 4293 341 4342 puras
355 4283 382 4328 et
394 4281 525 4329 tremulas
537 4295 686 4343 puerorum
701 4281 814 4336 animas,
828 4281 925 4344 amplis
936 4281 1024 4330 oculis
1040 4293 1196 4343 expressas
1212 4292 1280 4341 quas

162 4357 367 4407 imitationibus
382 4359 440 4408 suis
461 4361 493 4409 A.
513 4360 660 4410 Garaecius
678 4361 799 4409 servavit
814 4360 919 4421 (Museo
936 4360 962 4408 di
980 4361 1101 4422 Parma);
1116 4363 1164 4408 aut
1179 4359 1280 4421 volup·

162 4441 307 4486 tuosarum
329 4440 481 4501 puellarum
505 4454 567 4502 quae
590 4441 693 4490 Ledam
715 4441 882 4489 comitantur
901 4441 1069 4504 virgineam,
1093 4453 1144 4488 nec
1169 4438 1282 4488 omninb

163 4516 341 4568 innocentem
356 4518 481 4584 gratiam,
498 4525 525 4570 et
537 4522 616 4584 jocos
629 4519 707 4584 (Mus.
724 4535 750 4572 v.
766 4519 879 4582 Berlin).
