3160 5152
557 1276 700 1349 CAPUT
725 1278 783 1349 Vl.

124 1599 284 1666 QUOMODO
304 1600 346 1652 llll
374 1600 513 1654 indolem
531 1599 684 1654 eternum
701 1597 806 1653 RUlNA
826 1598 917 1652 onst
936 1598 988 1652 Sl'l'
1006 1598 1227 1653 EUROPAEANAE

479 1715 632 1770 PlO'l'ORAE
650 1715 865 1769 muniendo,

164 2019 226 2090 Per
243 2017 315 2090 duo
332 2018 476 2099 secula,
495 2017 630 2090 scilicet
642 2017 782 2089 XVI⁰¹¹¹¹¹
793 2024 827 2090 et
840 2018 986 2104 XVllffl,
1005 2019 1228 2109 Europaeana

121 2133 250 2224 pictura
268 2132 397 2206 iisdem
419 2132 579 2224 lontibus
599 2139 708 2224 atque
726 2133 849 2205 italica
871 2129 1025 2205 maxime
1044 2139 1226 2206 sustenta·

121 2263 172 2328 tor
193 2281 201 2328 ε
224 2253 310 2329 ddm
330 2264 449 2329 autem
469 2275 511 2329 ea
529 2255 568 2328 in
589 2256 730 2328 ruinam
751 2256 962 2348 praecipitat,
979 2255 1041 2327 illa
1058 2254 1244 2328 continuo·

121 2372 275 2444 evehitur
293 2379 328 2445 et
347 2372 393 2444 ad
410 2371 637 2464 magnificum
654 2370 897 2462 splendorem,
915 2378 1087 2463 pereunte
1100 2370 1226 2454 altera,

121 2487 274 2580 emergit.
306 2489 424 2572 Quum
454 2487 607 2560 Caraccii
632 2487 855 2578 profligatam
880 2493 992 2559 artem
1017 2497 1119 2558 suam
1138 2483 1230 2578 aegr‘e

121 2609 327 2685 tutarentur,
349 2603 531 2694 Belgium,
554 2601 685 2688 Gallia,
708 2601 883 2693 Hispania
906 2607 940 2674 et
963 2602 1107 2675 Batavis
1128 2601 1228 2693 inge·

119 2716 212 2788 nium
232 2735 340 2790 suum
360 2717 399 2788 in
422 2717 619 2803 Rubentis,
644 2717 823 2803 Pessimi,
849 2717 1039 2807 velasqnis
1066 2722 1101 2789 et
1123 2716 1228 2789 itom-

118 2831 240 2905 hrandi
261 2833 446 2924 operibus,
472 2835 614 2906 summa
631 2831 847 2924 perfessione
865 2817 1089 2924 expressum,
1116 2833 1231 2924 proie-

119 2946 251 3020 reltant.
275 2949 435 3033 Quorum
454 2947 526 3020 duo
546 2946 684 3038 priores
699 2946 814 3038 ipsius
835 2947 946 3020 ltaliae
960 2947 1099 3019 alumni
1116 2947 1228 3032 luere,

118 3061 184 3135 duo
204 3064 423 3155 posteriores
445 3062 691 3137 hereditatem
710 3063 883 3146 scientiae,
900 3063 945 3135 ab
962 3063 1025 3135 illa
1043 3070 1168 3154 parte,
1187 3082 1229 3136 ex

119 3177 293 3270 magistris
313 3179 391 3251 suis
409 3185 633 3270 receperunt,
656 3185 691 3251 et
705 3179 748 3250 ea
765 3174 878 3251 libere
896 3179 952 3251 usi
971 3184 1070 3252 sunt.

163 3291 349 3378 Quomodo
368 3311 412 3365 ex
431 3291 560 3366 iisdem
581 3291 769 3384 principiis
784 3299 857 3364 tam
873 3291 1069 3365 dissimiles
1085 3293 1231 3367 edoctus

119 3410 226 3483 exorti
244 3409 339 3491 sint,
360 3409 514 3482 breviter
534 3408 723 3499 exquirere
742 3406 984 3494 intendimus,
1016 3409 1083 3482 rati
1102 3410 1234 3484 ltalicae

119 3523 200 3596 artis
226 3525 370 3596 ruinam
391 3520 531 3596 lacililts
555 3523 777 3596 intellectum
804 3521 871 3609 iri,
893 3523 924 3595 si
951 3523 1053 3615 prius
1078 3525 1235 3617 patuerit

120 3637 247 3727 quibus
267 3639 348 3731 ipsa
364 3638 465 3711 ltalia
485 3637 672 3716 dotibusa
693 3638 832 3729 reliqua
848 3639 991 3729 Europa
1009 3638 1200 3731 discrepet.

164 3753 240 3825 Uno
259 3753 381 3839 verbo,
406 3753 544 3826 caeteris
562 3751 729 3844 gentibus
748 3751 860 3827 ltaliae
877 3753 1081 3843 exemplum
1099 3752 1140 3827 ed
1161 3774 1235 3828 ma·

42 3961 46 3972 q
120 3866 169 3956 gis
187 3869 367 3959 proluisse
386 3867 525 3941 ridetur
545 3867 616 3957 qud
637 3867 752 3958 magis
768 3866 814 3938 ab
833 3866 897 3938 illa
915 3866 1112 3952 differrent,
1135 3870 1234 3942 scili·

121 3989 170 4054 cet
186 3983 312 4057 Galliae
332 3981 454 4056 minus
470 3980 577 4074 quam
596 3983 729 4074 Belgio,
747 3990 782 4056 et
798 3982 976 4055 ambobus
991 3981 1113 4057 minias
1127 3985 1236 4059 etiam

121 4095 222 4186 qnam
243 4098 431 4189 Hispaniae
455 4104 490 4169 et
511 4097 677 4170 Bataviae.
705 4097 826 4169 Batavi
852 4097 948 4170 enim
968 4104 1003 4170 et
1022 4099 1173 4190 llispani
1194 4120 1239 4174 en

120 4210 237 4286 indole
259 4216 326 4286 sua
341 4215 645 4305 complementum
665 4220 789 4304 aptum
805 4212 987 4287 duxerunt
1005 4233 1077 4305 quo
1096 4216 1239 4290 carebat

122 4327 277 4402 italicum
298 4329 508 4420 ingenium,
532 4334 566 4400 et
590 4329 806 4420 exemplaris
826 4327 910 4401 vitia
935 4330 1122 4404 contrariis
1142 4331 1239 4405 vitiis

122 4451 415 4539 compensantes,
438 4443 597 4518 medium
618 4443 799 4536 quoddam
820 4452 1159 4538 temperamentum,
1184 4467 1240 4522 ar·
1310 4441 1312 4444 ’
