3176 5152
643 465 782 528 ..3.-

204 603 328 675 Plures
348 605 408 674 alii
430 606 620 694 scriptores
641 623 714 675 rem
736 606 883 676 omnino
903 605 1098 687 invertunt,
1122 609 1270 679 tutavit

154 726 331 802 errantes,
355 727 389 790 et
410 720 620 792 catholicam
643 721 835 791 Ecclesiam
859 720 903 792 de
923 739 963 792 eo
986 723 1065 812 ipso
1085 723 1271 813 inculpant

156 833 253 922 quod
270 835 406 905 ilrrskin
428 836 654 924 antiquitatis
670 835 869 906 fautoribus
890 837 1030 906 crimini
1046 839 1162 909 uertit.
1182 837 1268 923 Qui·

155 949 278 1020 bussi
307 950 447 1035 credaS,
477 950 573 1022 dices
598 970 618 1021 a
647 951 806 1022 Concilio
831 951 1040 1023 Tridentino
1062 960 1097 1024 et
1123 955 1271 1026 romana

156 1065 407 1136 reformatione
430 1066 557 1138 obruta
580 1067 691 1137 luisse
717 1065 863 1156 ingenia
886 1074 921 1137 et
946 1067 1155 1158 impeditam
1182 1069 1268 1140 arti·

156 1179 262 1251 licum
282 1181 496 1252 libertatem.
518 1177 699 1251 Facillime
719 1188 837 1251 autem
856 1181 1000 1270 objiciat
1021 1183 1167 1271 aliquis,
1187 1180 1271 1254 aut'e

155 1315 290 1366 annum
316 1299 407 1367 loto
425 1296 637 1387 jamdudum
658 1297 833 1387 inceptam
853 1278 934 1368 esse
953 1298 1046 1368 hanc
1062 1297 1207 1380 artium,
1225 1298 1269 1369 de

156 1413 227 1500 qua
246 1412 374 1503 agitur,
397 1413 682 1485 inclinationem.
705 1413 922 1502 Corporibus
944 1413 1108 1503 quidem,
1134 1414 1270 1503 quaein

156 1528 402 1618 Micbelangeli
440 1529 616 1620 Supremo
650 1525 792 1598 Jndr'cr'o
828 1526 1065 1619 effinguntur,
1107 1529 1271 1600 Pontifex

157 1644 288 1713 Paulus
308 1643 452 1714 braccas
464 1644 574 1733 jussit
590 1642 851 1734 superaddere,
871 1642 933 1714 sed
954 1651 1140 1715 remanent
1161 1645 1272 1716 multa

156 1758 193 1828 in
215 1758 282 1830 boc
302 1759 492 1849 praedicato
516 1777 621 1849 opere
641 1766 795 1849 peccata,
817 1777 969 1849 quorum
992 1760 1165 1831 rationem
1184 1760 1271 1831 stul-

156 1872 235 1944 titia
259 1874 327 1944 ista
354 1893 426 1944 non
453 1874 599 1964 praebet.
627 1913 674 1924 -
699 1875 807 1954 item,
836 1873 1000 1964 quamvis
1024 1874 1133 1945 Paulo
1160 1875 1269 1945 Vero·

156 1988 260 2059 nensi
289 1991 434 2060 Sacrum
456 1989 618 2061 Officium
649 1985 757 2084 (anuo
786 1992 876 2059 tout
903 1992 1023 2062 Romae
1050 1986 1268 2079 institutum)

157 2103 254 2174 litem
284 2104 499 2185 intenderit,
531 2113 747 2177 nontamen
777 2104 986 2195 gravissima
1014 2103 1272 2193 impedimenta

156 2236 198 2288 eu
221 2219 299 2288 istis
313 2219 514 2290 actionibus
532 2238 638 2310 passa
658 2220 769 2290 luisse
788 2219 933 2290 libertas
953 2217 1099 2308 pictoris
1117 2217 1268 2288 videtur.

155 2333 278 2423 Neque
302 2334 410 2406 etiarn
435 2335 663 2425 Hispaniam,
692 2335 729 2404 in
755 2335 826 2423 qud
849 2334 1023 2424 ingenuas
1044 2335 1149 2403 artes
1165 2333 1271 2402 uitam

157 2469 199 2522 ex
228 2450 360 2522 talibus
388 2451 663 2522 coercitionibus
692 2450 857 2520 bausisse
882 2455 1102 2538 compertum
1131 2446 1203 2532 est,
1234 2447 1272 2516 in

157 2566 359 2655 exemplum
394 2566 561 2649 afferam,
598 2565 644 2636 ob
677 2564 835 2636 diversas
869 2563 1028 2653 gentium
1060 2562 1200 2634 indoles
1233 2580 1274 2632 ac

158 2699 289 2752 mores.
322 2681 416 2752 Satis
447 2680 515 2753 erit
546 2699 706 2770 quaerero
740 2680 784 2752 de
818 2699 888 2770 quo
922 2681 1107 2751 incusetur
1137 2678 1174 2748 in
1207 2679 1274 2749 blo
1345 2701 1347 2706 ·

158 2964 264 3024 angelo,
282 2963 462 3011 dilectissimo
475 2962 617 3024 magistro,
631 2963 728 3024 parcit,
745 2962 792 3023 qui
805 2975 913 3009 morum
925 2960 1122 3010 verecundiam
1133 2960 1273 3022 pingendo

157 3044 261 3092 laeserit
276 3043 332 3104 (vt,
350 3042 398 3103 28),
416 3043 582 3104 omninoque
602 3045 723 3090 obscena
740 3056 774 3090 ex
791 3041 943 3104 scripturis
963 3045 1093 3103 excerpta
1114 3045 1275 3103 argumenta

157 3123 247 3185 rejicit
261 3123 351 3184 (Loth,
368 3123 535 3184 suzannam,
552 3123 753 3180 Bethsabaeam,
770 3123 924 3184 Putiphar),
940 3121 987 3181 VI,
1002 3121 1041 3171 sl.

188 3202 245 3264 Ipsi
260 3201 459 3263 Micbelangelo
474 3201 605 3250 tribuitur
619 3201 672 3249 hoc
687 3202 800 3250 effatum
814 3215 819 3249 :
833 3217 845 3248 u
862 3201 916 3259 Qui
932 3201 1080 3250 Dominum
1091 3201 1223 3250 Nostrum
1234 3202 1275 3250 oi-

157 3282 262 3343 fingore
277 3280 353 3338 velit,
367 3293 423 3328 non
438 3280 505 3328 satis
517 3285 560 3328 est
573 3281 733 3342 magistrum
745 3286 889 3328 strenuum
902 3295 933 3329 ac
947 3282 1077 3330 solertem
1087 3281 1196 3336 haberi:
1212 3280 1275 3330 dico

158 3374 210 3424 ogo
223 3366 356 3410 sanctum
368 3373 428 3410 esse
441 3375 503 3410 eum
515 3365 653 3423 oportere,
664 3365 696 3410 ut
707 3363 766 3423 ejus
779 3362 892 3424 ingenio
905 3361 978 3410 adsit
992 3361 1110 3411 Divinus
1122 3362 1246 3410 Afflatus.
1262 3379 1275 3406 o

157 3467 188 3478 -
201 3441 234 3492 V.
250 3441 379 3492 Sonnetti
395 3442 418 3500 3,
435 3442 457 3502 6,
474 3442 499 3500 7,
512 3442 535 3502 8,
552 3442 575 3500 9,
594 3442 631 3500 l0,
647 3446 699 3491 etc.

190 3520 248 3570 Nec
268 3521 321 3569 alid
340 3521 462 3580 ratione,
478 3521 642 3580 Mediolani,
661 3521 749 3570 Divus
770 3520 887 3571 Carolus
908 3521 1086 3571 Horromoeus
1104 3525 1177 3570 artes
1194 3521 1276 3570 resti-

158 3605 237 3650 tuere
253 3605 382 3660 conatur,
398 3600 545 3649 Leouardo
561 3605 588 3648 et
609 3599 699 3649 Luino
713 3601 824 3661 favone,
840 3613 1058 3663 asseveransque
1074 3600 1234 3662 «optimum
1250 3605 1277 3648 et

158 3680 373 3742 pulcherrimum
388 3693 458 3742 opus
472 3693 532 3728 osse
544 3679 619 3742 quod
630 3681 767 3742 elegantia
779 3681 876 3729 formae
886 3680 1028 3728 lasciviam
1039 3679 1171 3740 excludit,
1183 3680 1278 3742 ignota

72 3817 74 3822 Ι
158 3759 263 3808 nostris
278 3761 396 3808 tortasse
410 3760 563 3821 pictoribus
580 3766 651 3822 arte,
667 3761 732 3823 quia
748 3760 850 3810 divinae
868 3768 895 3809 et
913 3761 1042 3809 bumanae
1062 3759 1277 3825 pulchritudinis

160 3839 308 3888 discrimen
324 3839 463 3901 ignorant.
480 3856 492 3886 n
509 3841 581 3902 (itio,
596 3840 645 3902 III,
661 3840 725 3902 all.)

191 3918 329 3968 Memento
350 3920 466 3981 insuper
486 3919 663 3982 Josepinum,
686 3919 822 3981 Gnidum,
836 3913 1045 3969 Dominicinum
1065 3924 1092 3969 et
1112 3919 1277 3982 Borninum‚

158 3998 224 4046 fidei
240 3997 454 4048 addictissimos.
469 3999 520 4046 Hic
538 3999 702 4047 «interdum
718 4003 799 4048 terrae
814 3999 893 4061 fingit
908 3999 1029 4047 oscula»
1045 3998 1087 4060 (V.
1105 4003 1211 4048 Gazette
1230 4002 1279 4048 des

159 4083 346 4138 Beaux·Arts,
364 4077 423 4139 XV,
439 4077 501 4139 all).
517 4075 603 4139 Cujus
619 4091 702 4140 quum
715 4079 845 4126 laudatur
857 4092 938 4141 opus,
953 4079 990 4127 ait
1002 4097 1013 4122 «
1026 4091 1055 4126 se
1069 4083 1210 4127 auctorem
1222 4091 1278 4127 non

161 4158 298 4217 osso,.sed
315 4158 418 4214 Deum;
437 4172 452 4204 a
470 4157 529 4206 Deo
552 4158 629 4205 enim,
647 4159 715 4205 illud
739 4159 889 4220 cogitatum
911 4159 998 4208 fuisse
1018 4162 1045 4206 et
1062 4159 1163 4206 lactum
1180 4173 1192 4202 o
1209 4157 1279 4217 (XV,

160 4239 215 4300 315,
227 4238 290 4300 elo).
307 4239 424 4287 Feriatis
438 4238 536 4286 diebus
550 4238 744 4300 quodcumque
758 4238 881 4286 studium
894 4238 996 4298 renuit,
1008 4237 1104 4301 (XVII,
1117 4237 1170 4300 353)
1186 4237 1215 4284 in
1227 4239 1280 4286 hoc

160 4319 242 4381 longe
258 4334 274 4366 a
288 4319 435 4368 Leonardo
451 4319 629 4366 dissentiens.
646 4318 726 4376 Quod
743 4319 766 4366 si
783 4317 855 4367 torte
872 4319 1003 4381 superbia
1022 4323 1069 4366 aut
1086 4318 1199 4366 tristitia
1216 4331 1279 4380 gra-

160 4401 233 4449 viter
246 4400 354 4464 laborat
370 4399 443 4460 (post
457 4398 574 4446 Perralti
588 4397 734 4460 lPerrault)
748 4399 918 4458 censuram),
936 4398 1047 4446 domurn
1063 4398 1178 4458 recedit,
1194 4398 1280 4447 silen-

160 4477 200 4528 tio
216 4478 355 4541 indulget,
374 4477 483 4526 sodales
506 4482 533 4526 ot
554 4478 658 4527 amicos
675 4478 806 4536 remittit,
822 4477 908 4528 sacris
925 4478 1004 4526 libris
1022 4491 1053 4526 ac
1072 4477 1201 4540 precibus
1219 4491 1280 4552 sese

160 4561 337 4622 immergens,
352 4556 455 4606 nodum
470 4571 532 4606 cum
550 4558 643 4620 aliquo
658 4558 783 4607 conferat
801 4557 1015 4622 (xxvl11,269).
