3176 5152
615 481 770 546 ..43-

14 613 19 712 l
136 618 231 693 nihil
260 620 461 694 interillos
490 629 524 694 et
549 631 713 696 naturam
736 617 997 712 interponitur,
1025 639 1151 710 quam,
1180 625 1254 691 stu·

14 717 17 762 ‘¹
135 744 245 826 pente
267 737 435 818 vasaria,
465 737 603 811 sincere
630 739 761 810 imitari
794 737 940 808 audent.
977 763 992 800 ι
1026 735 1254 826 Giorgionius

135 847 201 942 (ait
221 851 423 942 Vasatius),
445 872 540 925 anno
561 857 652 926 1507
678 851 746 945 (l),
767 853 873 943 eoepit
891 852 1059 942 operibus
1080 851 1156 922 suis
1176 869 1251 922 ma·
1338 840 1340 846 '

132 967 249 1056 jorem
275 967 457 1040 lenitatem
484 966 731 1062 (morbidezza)
758 987 799 1040 ao
826 968 933 1039 robur
955 962 1103 1059 (rilievo)
1127 967 1255 1038 decora

135 1082 277 1167 ratione
305 1084 507 1174 imponere,
532 1085 578 1156 ob
600 1083 634 1154 id
663 1084 859 1173 praesertim
891 1081 988 1172 quod
1016 1082 1174 1153 assuevit
1198 1100 1254 1156 res

136 1197 235 1268 vivas
261 1217 302 1270 ao
322 1201 502 1271 naturales
527 1208 610 1272 ante
641 1201 762 1272 oottlos
792 1199 1006 1290 disponere,
1038 1197 1254 1286 illarumque

135 1425 234 1498 mitm
255 1429 435 1500 coloribus
457 1430 509 1502 vel
533 1430 633 1501 duris
656 1431 706 1500 vel
730 1429 880 1506 levibus.
903 1435 941 1499 ut
963 1426 1251 1504 naturalerebat,

134 1542 406 1627 adumbrando,
435 1564 499 1642 nee
523 1547 597 1616 ulla
625 1543 731 1617 antea
757 1542 871 1616 edicta
900 1543 1158 1621 delineatione,
1190 1541 1253 1614 sed

135 1657 303 1748 protinvis
330 1666 365 1731 et
390 1661 478 1751 ipsis
505 1662 685 1732 coloribus
716 1659 942 1750 depingendo
980 1656 1044 1752 (i).
1076 1684 1091 1721 r
1124 1658 1254 1728 Nutatu
1363 1702 1365 1709 ·

135 1773 286 1864 dignum
308 1783 361 1847 est
384 1776 563 1848 Titianum
591 1779 736 1848 Romam
766 1784 843 1848 oeto
870 1782 905 1847 et
931 1774 1115 1865 sexaginta
1138 1790 1254 1843 annos

137 1897 261 1960 natum
298 1888 454 1981 primirm
481 1892 622 1963 venisse
651 1889 720 1986 (5);
754 1891 849 1982 quod
878 1907 950 1960 non
980 1889 1159 1960 desiderio
1191 1886 1254 1959 sed

136 2109 289 2166 classique.
307 2107 414 2165 Berlin,
433 2109 505 2168 leon,
521 2124 546 2170 p.
564 2109 688 2168 tot-tlt).
706 2108 857 2170 Gregorius
872 2108 1001 2157 Giraldus
1016 2107 1128 2168 (Opera,
1144 2104 1184 2162 ll,
1200 2103 1255 2164 439)

135 2187 297 2236 considerat
313 2189 485 2251 antiquitatis
502 2195 690 2251 contemptum
705 2196 832 2251 tanquam
849 2202 931 2236 unam
944 2202 978 2236 ex
991 2187 1149 2248 praecipuis
1164 2184 1256 2233 causis
1286 2201 1289 2204 ·

135 2280 186 2314 cur
202 2281 248 2316 res
263 2267 433 2318 Venetianae
452 2271 557 2318 tantum
573 2271 717 2318 floruerint
731 2270 773 2330 (ν.
791 2269 953 2327 Iturekardt,
973 2269 991 2324 l,
1005 2267 1054 2328 et).

169 2347 270 2396 Bellini
288 2354 376 2397 tamen
393 2350 590 2399 Patavinorum
610 2351 803 2399 auctoritatem
819 2350 892 2412 passi
908 2353 988 2403 sunt,
1004 2353 1030 2396 et
1045 2347 1159 2408 antiqua
1174 2357 1259 2406 opera

135 2429 322 2490 collegerunt.
333 2430 468 2490 (Platonis
485 2437 581 2494 caput,
598 2431 707 2492 Venus,
721 2431 784 2490 etc.)
801 2431 831 2479 ln
848 2429 944 2492 primis
957 2427 1059 2477 Titiani
1071 2423 1257 2474 adolescentis

135 2509 271 2570 operibus
287 2511 464 2572 reperiuntur
480 2515 642 2572 argumenta
657 2515 684 2560 et
699 2512 848 2573 anaglypta
862 2510 984 2571 antiqua.
1092 2549 1107 2558 ,,
1173 2534 1176 2540 ·

167 2588 202 2649 (l)
216 2588 333 2648 Revera,
351 2591 424 2638 circa
437 2603 538 2638 annunt
557 2590 625 2647 1500,
642 2590 739 2639 eodem
754 2595 878 2652 tempore
893 2603 924 2637 ac
941 2589 1033 2637 Palma
1048 2591 1075 2635 et
1089 2585 1224 2635 Titianus.

167 2667 202 2727 (i)
217 2667 327 2717 Vasarii
342 2671 464 2719 narratio
480 2672 556 2720 utilis
575 2677 616 2720 est
632 2671 665 2718 ad
685 2671 894 2732 cognoscendos
909 2683 965 2718 non
980 2669 1061 2718 modb
1076 2667 1256 2724 Venetianos,

136 2747 186 2795 sed
203 2752 231 2796 et
245 2748 420 2800 Florentinos
436 2764 555 2813 quorum
572 2765 639 2800 usus
658 2757 685 2799 ot
701 2752 822 2799 rationes
838 2751 967 2813 explanat
983 2763 989 2798 :

169 2844 181 2873 a
201 2828 381 2892 Giorgionius
398 2845 453 2879 non
469 2833 599 2895 intelligit
615 2833 801 2880 necessarium
818 2837 909 2880 tamen
930 2845 1004 2888 esse,
1021 2831 1044 2879 si
1064 2830 1126 2892 quis
1142 2841 1255 2890 compo-

136 2908 255 2956 sitiones
270 2909 343 2958 recte
357 2911 506 2973 disponere
523 2918 549 2960 et
565 2913 741 2960 inventiones
756 2911 964 2960 accommodare
980 2911 1047 2965 vult,
1062 2910 1122 2957 illas
1138 2909 1256 2972 primbm

136 2992 165 3036 et
178 2989 263 3037 variis
279 2991 368 3038 rnodis
381 2992 410 3038 in
426 2991 520 3039 charta
530 2993 679 3054 explicare,
692 2997 722 3040 ut
736 2997 866 3053 appareat
882 2991 1021 3052 quomodo
1037 2990 1129 3038 omnia
1141 2990 1214 3036 inter
1226 3001 1256 3036 se

136 3074 246 3118 coeant.
260 3068 419 3118 Intellectus
431 3071 504 3119 enim
520 3072 634 3120 inventa
649 3085 699 3119 sua
717 3071 745 3117 in
762 3084 791 3118 se
807 3083 858 3118 nec
874 3069 945 3118 clare
960 3069 1055 3118 videre
1069 3081 1120 3116 nec
1135 3066 1256 3130 perloctd

136 3147 243 3209 tingere
264 3155 370 3210 potest,
389 3153 447 3198 nisi
468 3153 667 3210 copitalionem
690 3164 770 3198 suern
792 3153 900 3206 detestat
919 3154 944 3196 et
962 3153 997 3196 ad
1014 3151 1110 3196 oculos
1128 3149 1256 3206 corporis

136 3231 310 3285 manifestet,
323 3233 372 3288 qui
383 3233 453 3278 illud
468 3233 502 3278 ad
513 3232 708 3288 iudicandum
724 3231 910 3286 adjuvabunt.
922 3229 963 3276 Ne
974 3228 1091 3290 amplius
1107 3239 1255 3274 memorem

135 3307 301 3369 longissima
315 3309 348 3358 de
364 3311 446 3359 nudis
461 3311 624 3372 corporibus
637 3309 729 3357 studia
744 3309 777 3356 ad
792 3309 1000 3370 intelligendum
1012 3308 1177 3364 necessaria,
1193 3320 1255 3369 quae

136 3399 189 3434 nee
209 3387 293 3444 fiunt,
313 3401 364 3436 nec
383 3389 442 3436 fieri
464 3394 580 3451 possunt
600 3389 653 3436 nisi
677 3388 779 3436 chartae
799 3403 866 3443 usu;
891 3402 953 3435 narn
977 3388 1109 3437 continub
1129 3387 1256 3436 homines

135 3466 231 3514 nudos
245 3473 292 3514 aut
305 3469 420 3517 vestitos
434 3471 486 3517 sub
497 3470 585 3517 oculis
599 3469 732 3526 detinere,
749 3467 813 3515 diurn
826 3469 957 3530 pingitur,
970 3481 1026 3515 non
1041 3481 1126 3530 parva
1136 3467 1257 3516 servitus

136 3552 189 3593 est.
207 3545 321 3613 Quodsi
337 3548 398 3609 quis
410 3563 519 3596 manum
533 3549 647 3597 assidua
659 3548 844 3596 delineatione
858 3547 1027 3606 formaverit,
1041 3547 1173 3608 paulatim
1189 3559 1257 3594 con-

136 3616 274 3686 sequetur
288 3630 319 3674 ut
333 3627 441 3674 facilius
453 3628 568 3688 laboret,
585 3632 612 3674 et
627 3627 854 3675 exercitationem
870 3626 921 3674 arti
936 3626 1088 3684 miscendo,
1104 3639 1215 3673 manum
1231 3629 1258 3672 et

135 3705 311 3754 intellectum
327 3706 488 3755 habiliorem
503 3709 598 3763 faciet,
616 3709 689 3756 omni
706 3709 812 3756 remota
825 3707 989 3755 lassitudine
1006 3711 1031 3755 et
1049 3710 1158 3756 conatu.
1179 3704 1258 3754 Adde

136 3784 224 3832 etiam
244 3786 390 3841 artificem,
411 3786 576 3835 delineando
598 3788 627 3834 in
648 3787 756 3837 charta.
774 3790 924 3846 inpertiam
947 3800 1033 3835 surim
1047 3788 1177 3845 pulchris
1195 3798 1258 3858 spe-

135 3867 237 3912 ciebus
249 3869 398 3924 complere,
411 3871 435 3914 el
450 3870 533 3914 talem
547 3869 622 3915 breui
634 3867 695 3925 fieri
705 3869 753 3926 qui
767 3880 812 3914 res
826 3879 925 3914 ornnes
938 3881 972 3914 ex
983 3866 1122 3914 memoria
1135 3865 1258 3924 effinpat,

137 3957 190 3991 nec
209 3945 252 3991 illi
268 3957 340 4003 opus
356 3947 391 3993 sit
405 3959 452 3993 eas
467 3951 532 3993 ante
545 3949 641 3994 oculos
652 3948 761 4005 babere,
776 3951 823 3994 aut
834 3948 885 3993 sub
898 3947 1018 3994 colorem
1031 3945 1169 3993 illecebris
1181 3945 1260 4005 igno-

135 4023 258 4070 rantiam
278 4025 428 4072 formarum
446 4025 635 4084 dissimulare,
653 4032 684 4074 ut
704 4026 809 4074 diutius
829 4031 944 4088 egerunt
965 4026 1086 4087 pictores
1100 4023 1259 4085 venetiani,

136 4099 338 4164 GiorgioniuS,
355 4103 462 4162 Palma,
478 4104 687 4164 Pordenonius,
704 4111 731 4153 et
748 4105 794 4152 alii
814 4105 861 4167 qui
883 4105 997 4154 Romam
1013 4117 1069 4152 non
1090 4103 1229 4152 viderunt.
1247 4118 1259 4148 u

134 4183 294 4244 (Vasarius,
310 4182 353 4234 ed.
371 4183 514 4245 1881,V11,
531 4183 624 4246 ltu-8.)

167 4261 353 4312 Totaitalieae
364 4264 430 4312 artis
441 4263 533 4312 XVI²⁰
544 4264 659 4324 saeculo,
672 4277 755 4312 cause
765 4268 793 4312 et
804 4265 838 4312 lis
848 4263 878 4311 in
891 4263 942 4312 haic
953 4263 1075 4326 ingenua
1085 4261 1261 4312 confessione

136 4341 310 4391 continetur.

168 4421 205 4482 (3)
223 4420 305 4470 Anno
324 4419 391 4472 1545.
407 4421 487 4469 Illum
505 4421 638 4470 Vaserius
658 4435 707 4484 per
722 4422 896 4484 antiquitatis
914 4423 1046 4485 reliquias
1061 4420 1204 4471 conduxit.
1220 4418 1261 4468 Eo

34 4505 39 4516 ⁸
137 4507 265 4564 ternpore
291 4501 417 4550 confecta
444 4507 485 4550 est
511 4504 658 4562 Pontificio
674 4505 804 4552 Farnesii
827 4517 892 4551 cum
917 4505 1068 4562 nepotibus
1083 4500 1262 4550 celeberrima

138 4581 255 4645 effigies.
269 4580 397 4632 Titianus
411 4582 441 4630 in
456 4582 518 4646 ipso
537 4581 689 4634 belvedere
702 4582 909 4634 deversabatur.
