3176 5152
620 417 780 481 ...63-

141 553 226 625 dole
242 554 390 628 feliciter
409 557 593 639 absoluto,
617 556 828 637 delectatur,
851 552 987 627 callide
998 555 1106 626 simul
1128 563 1163 627 et
1181 555 1259 646 glo·¹

143 665 236 740 riose
255 670 463 743 subridens.

193 784 280 870 Quis
308 786 353 858 de
382 787 442 858 tall
472 795 546 858 arte
579 805 652 858 nen
685 785 876 878 desperet?
905 787 986 877 lpse
1016 793 1139 857 auctur
1166 785 1259 858 nibil

142 899 229 970 boui
263 901 301 971 in
333 902 493 972 luturum
526 899 709 993 prouidet;
740 901 990 992 superioribus
1024 907 1194 991 prestere
1221 919 1261 972 se

144 1013 331 1106 iutelligit;
355 1016 427 1087 imb
455 1017 500 1088 ad
522 1035 704 1088 summum
732 1017 874 1090 culmen
904 1014 1108 1108 pervenisse
1136 1023 1257 1106 pulat;

28 1151 31 1176 ¹
142 1129 206 1200 sed
225 1138 308 1202 ante
328 1133 450 1204 oculus
469 1132 559 1204 nibil
580 1132 735 1223 adspicit
749 1132 819 1202 nisi
841 1150 989 1204 vacuum
1006 1139 1041 1203 et
1056 1132 1165 1202 inane
1184 1127 1230 1223 (l)
1249 1155 1257 1211 ;

143 1243 230 1334 quid
251 1246 334 1337 ergb
361 1247 398 1317 in
426 1246 604 1337 pusterids
625 1245 829 1339 exspectet?
855 1246 1040 1337 Quidquid
1069 1246 1107 1316 in
1134 1264 1194 1326 se,
1222 1255 1261 1317 ut

143 1357 191 1430 ild
215 1359 350 1442 dicam,
373 1362 634 1453 magnitudinis
654 1367 791 1444 servet,
818 1362 886 1433 boc
906 1380 979 1432 uun
1004 1379 1109 1432 suum
1130 1360 1257 1442 babet,

27 1539 28 1548 .
144 1475 206 1546 sed
227 1484 370 1567 agente
394 1480 461 1548 sua
478 1478 634 1569 excepit,
657 1486 692 1549 et
714 1477 760 1549 ad
783 1485 908 1549 ventos
929 1477 1091 1569 projiciet
1113 1500 1121 1546 ε
1148 1475 1260 1546 animi

144 1590 238 1660 enirn
258 1590 470 1682 impotentia
490 1593 638 1683 rapitur,
663 1611 780 1682 neque
800 1611 893 1683 aegra
912 1594 991 1683 ejus
1011 1591 1176 1682 cegitatio
1197 1609 1262 1663 nec

143 1721 335 1777 senescens
356 1714 479 1797 pectus
500 1707 666 1779 resistere
688 1707 885 1779 ullomodo
906 1713 1058 1797 queunt.

191 1820 242 1891 Ne
259 1829 377 1893 eutem
394 1821 545 1895 delicate
562 1831 597 1894 el
611 1829 733 1895 tenero
750 1823 914 1913 Corregie
927 1821 1067 1894 crimini
1081 1828 1261 1892 vertamus
1365 1913 1367 1918 Ι

145 1933 241 2024 qubd
266 1936 454 2009 Primatitii
475 1938 622 2028 superbi
648 1945 682 2010 et
704 1939 830 2019 lutati,
860 1939 1049 2010 autetiam
1073 1936 1207 2006 Berocii
1228 1944 1263 2008 et

25 2095 27 2120 t
145 2050 351 2122 Parmesani
372 2053 594 2126 exstiterint!
618 2055 682 2125 llle
699 2051 852 2135 tantum,
871 2061 910 2124 ut
926 2052 1080 2132 videtur,
1103 2051 1262 2138 sincerus

144 2164 292 2237 allectus
317 2167 441 2238 subtili
469 2168 589 2239 cerdis
618 2168 839 2258 ingenuitate
865 2167 1055 2257 expressit.
1084 2165 1173 2244 Sed,
1206 2171 1261 2236 ut·

24 2343 26 2362 ,
144 2297 287 2370 cunque
325 2283 473 2354 innoxia
511 2291 565 2355 est
599 2292 634 2356 et
671 2281 770 2355 extra
806 2284 1041 2362 veluntatem,
1081 2280 1263 2352 subtilitas

145 2413 286 2486 semper
314 2398 549 2471 subtilitatem
580 2400 701 2472 enimi
727 2401 839 2490 parit,
872 2417 954 2488 quae
986 2395 1169 2486 ingenium
1203 2413 1263 2465 er-

23 2531 25 2558 ¹
145 2517 270 2583 tenuat
298 2520 333 2584 et
358 2513 404 2584 ad
435 2515 599 2586 ultimum
626 2515 759 2586 obruit.
791 2515 867 2585 Neu
899 2513 999 2584 decet
1027 2503 1203 2582 mollitem‘
1230 2517 1264 2582 et

23 2709 24 2712 p
143 2623 320 2698 defessam
342 2636 481 2702 aetatem
502 2639 577 2703 arte
597 2631 642 2702 ad
662 2632 860 2721 exquisitas
881 2631 1081 2718 voluptates
1102 2626 1261 2706 incitari,

144 2759 223 2830 quae
243 2743 343 2816 illam
364 2765 385 2814 a
403 2745 629 2838 simplicibus
650 2746 819 2819 sensibus
839 2754 873 2817 et
893 2765 913 2816 a
935 2745 1062 2816 natura
1084 2746 1261 2812 avertunt.
1313 2767 1315 2772 ¹

175 2996 208 3058 (l)
228 2997 290 3046 Jam
311 2993 526 3064 Micbelaugelns
544 3000 604 3063 ipse
622 3001 693 3048 dixit
712 3020 723 3044 n
746 3001 796 3049 ebe
815 3013 862 3048 era
881 3003 984 3047 venuto
1003 2997 1070 3046 l'ora
1087 2995 1159 3044 delle
1178 2997 1266 3042 morte

145 3076 207 3122 uell'
223 3081 297 3137 arte,
313 3078 477 3140 percioccbe
495 3093 551 3128 nou
572 3080 594 3127 si
616 3086 717 3140 potere
736 3079 821 3127 vader
839 3077 979 3138 meglio.»
997 3075 1051 3123 b'ed
1067 3074 1135 3122 illud
1152 3074 1266 3120 verbum

23 3157 25 3214 ξ
146 3155 286 3204 credimus
312 3170 361 3218 per
384 3159 478 3220 jocum
502 3161 632 3208 acerbum
652 3159 755 3207 dietum
776 3171 851 3216 esse,
876 3161 907 3204 ut
931 3155 1079 3216 superbam
1100 3157 1128 3201 et
1151 3163 1266 3202 vacuam

146 3236 344 3296 perlectionem
357 3239 506 3301 aequalium
520 3240 633 3290 rideret.
