3160 5152
790 444 969 506 allt-

319 588 388 658 lam
408 591 444 658 et
463 586 588 657 maesta
613 584 843 658 miseratione
867 582 1011 673 dignam
1036 582 1219 672 judicant;
1243 583 1435 670 cruciatus,

321 701 496 782 miserias,
513 707 646 773 mortes
663 695 802 772 tantiim
823 697 1031 788 requirunt:
1050 716 1129 770 cum
1149 698 1344 771 Zurbararii
1361 717 1438 770 mo·

320 817 463 898 nacbis,
488 815 707 889 meditantur
727 813 771 886 de
791 812 976 892 calvariis,
999 820 1079 894 aut,
1103 833 1182 885 cum
1202 813 1350 893 Hibera,
1374 812 1438 886 do·

321 932 477 1003 lentibus
504 930 728 1021 corporibus,
761 928 885 1000 morbo
914 936 976 1000 aut
1004 929 1181 1020 supplicio
1212 929 1434 1013 deformatis,

318 1045 430 1121 effuse
451 1046 678 1125 incumbunt,
702 1051 741 1116 ut
760 1044 860 1117 decet
881 1044 1054 1134 populum
1075 1045 1137 1136 qui
1157 1043 1239 1118 verb
1257 1053 1292 1118 et
1310 1045 1438 1118 admo-

319 1161 404 1235 dum
432 1161 764 1236 «resurrectionem
787 1159 940 1231 carnis»
967 1160 1091 1232 credit.

367 1279 484 1360 Adsit,
505 1279 541 1348 in
564 1279 719 1359 summat,
738 1276 941 1347 intellectus
962 1280 1141 1367 corpoieae
1161 1279 1299 1352 veritati
1320 1278 1439 1350 inten-

318 1399 397 1474 tus,
430 1412 508 1465 cum
542 1391 664 1463 animo
697 1391 903 1461 christianis
938 1394 1136 1482 praeceptis
1168 1391 1438 1466 ultramodum

319 1507 464 1580 subdito
488 1504 558 1600 (l),
581 1513 615 1577 et
636 1523 679 1576 ex
700 1505 841 1576 duabus
866 1505 939 1576 illis
964 1505 1110 1578 dotibus
1133 1509 1277 1599 propria
1296 1508 1439 1579 indoles

319 1623 504 1702 consistet,
528 1638 635 1710 quam
657 1618 818 1709 frangere
838 1620 956 1690 italica
978 1621 1171 1713 disciplina
1191 1621 1438 1713 nequidquam

317 1738 409 1809 xvh
430 1738 562 1808 saeculo
582 1734 751 1814 tentabit,
775 1752 929 1824 quaeque
954 1736 1132 1807 contrario
1154 1755 1316 1828 regressu
1342 1736 1440 1808 itali-

318 1869 398 1922 cum
416 1851 601 1943 ingenium
618 1848 663 1920 ad
685 1849 850 1921 ultimum
872 1850 1111 1940 praestringat.
1133 1852 1244 1923 Italici
1265 1851 1361 1923 enim
1383 1872 1440 1923 ar-

318 1966 446 2050 tifices,
477 1965 686 2056 Hispaniam
717 1963 929 2050 incolendo,
962 1966 1113 2057 Hispani
1145 1966 1255 2049 liunt;
1287 1968 1441 2058 Hispani

318 2089 459 2164 autem,
478 2079 588 2172 quiam
608 2080 654 2151 ab
673 2080 785 2152 ltaliae
801 2081 1013 2152 commercio
1034 2079 1173 2154 tantdm
1195 2081 1382 2172 requirant
1400 2091 1442 2154 ut

321 2198 500 2289 propriam
520 2203 686 2267 naturam
706 2213 808 2266 suam
828 2193 972 2285 planids
992 2197 1209 2287 exprimant,
1231 2197 1340 2269 111111ο
1360 2215 1441 2270 sae·
1477 2188 1481 2196 ’

319 2316 398 2386 culo
418 2311 464 2385 ad
482 2313 607 2384 miram
629 2310 826 2402 potentiam
846 2310 1061 2383 evehuntur.

349 2619 383 2682 (ll
397 2619 438 2669 Hx
448 2619 499 2668 bac
508 2617 602 2666 indole
614 2616 741 2679 seqnitur
755 2616 856 2664 mirum
866 2617 935 2666 illud
951 2618 1024 2680 quod
1041 2618 1070 2666 in
1087 2618 1274 2682 Hispanorum
1290 2625 1350 2669 arta
1364 2622 1441 2672 absit

319 2703 397 2750 ruris
420 2702 544 2760 pictura,
574 2724 604 2733 -
633 2695 750 2758 Hispani
777 2701 918 2756 naturam,
945 2703 976 2747 ut
1004 2704 1060 2758 est,
1086 2699 1227 2750 rarissimd
1252 2699 1351 2748 imitati
1373 2705 1441 2752 sunt

318 2779 369 2842 (Ol.
396 2778 519 2827 scholam
541 2775 753 2838 Michelangali).
777 2801 807 2810 —
832 2775 1005 2839 Berrugnete
1025 2785 1155 2842 tanquam
1177 2779 1356 2829 Florentinus
1381 2785 1439 2840 est;

319 2860 470 2909 Navarrete
486 2862 616 2918 tanquam
632 2855 813 2904 venetianus.
830 2854 945 2918 Vargns,
961 2855 1111 2920 Gespedes.
1128 2864 1156 2908 et
1167 2859 1240 2910 Juan
1255 2859 1289 2908 de
1304 2858 1409 2909 inanes
1423 2875 1441 2908 a

318 2938 406 2988 Romal
420 2936 604 2985 circumdatas
624 2935 743 2983 fabricas
765 2939 792 2983 et
810 2935 871 2984 caeli
894 2934 1042 2998 adspectus
1061 2943 1233 2988 mutuantur.
1252 2965 1283 2974 —
1298 2937 1440 3001 Vergante

319 3017 393 3066 11111ο
410 3013 908 3078 1001110,Ρο1111001101110,«(111001
924 3031 935 3062 1
952 3016 1172 3082 (Theotocopuli)
1188 3019 1352 3081 discipulus,
1368 3017 1440 3068 Bas-

318 3109 415 3145 sanum
436 3096 570 3145 imitatur.
593 3120 622 3130 -
638 3092 709 3141 Vide
725 3093 814 3141 adhinc
835 3093 959 3142 Ribaltas
976 3095 1122 3146 Valentiae.
1137 3123 1168 3134 -
1184 3097 1307 3160 Apparet
1325 3096 1440 3148 Sevillae

317 3177 450 3225 nonnulla
476 3175 621 3237 Belgarum
650 3173 811 3222 auctoritas
836 3199 867 3210 -
890 3172 1007 3223 Vicante
1030 3173 1169 3224 Carduchi
1196 3176 1225 3224 in
1253 3175 1440 3238 concipiendo

261 3283 263 3287 -
317 3255 459 3317 hispanus
476 3255 505 3302 in
521 3251 700 3314 exsequendo
715 3251 826 3300 italicus
841 3251 962 3304 videtur.

349 3333 514 3397 Excipiendi
529 3335 615 3381 sunt:
632 3330 781 3380 Francisco
797 3329 937 3380 Collantes
952 3331 1173 3396 (1599-165610111
1189 3333 1260 3384 situs
1277 3346 1392 3396 asperos
1411 3338 1441 3382 at

317 3417 443 3464 turbatos
459 3412 556 3476 pingit,
568 3423 686 3461 necnon
699 3410 885 3472 r·bodegones
900 3426 912 3457 »
926 3411 1042 3473 (tructus
1055 3417 1082 3461 et
1097 3415 1199 3475 tiores).
1214 3413 1285 3462 Vide
1302 3429 1314 3460 r
1329 3417 1441 3462 Arden-

319 3499 358 3542 tes
374 3497 477 3542 dumos
493 3507 505 3538 o
521 3491 666 3554 (Louvra);
682 3489 780 3538 Iriarte
794 3489 957 3553 (tenuitas),
974 3489 1101 3541 Herrerae
1117 3491 1285 3556 discipulus,
1299 3489 1440 3541 aMurillo

317 3575 495 3635 praedieatus,
506 3572 554 3634 qui
565 3585 630 3619 rura
642 3571 749 3619 incerta
762 3573 789 3618 et
799 3570 879 3632 quasi
892 3571 1058 3630 communia,
1070 3572 1130 3620 sine
1141 3572 1323 3634 ingenuitate,
1336 3571 1440 3635 pingit.

348 3653 379 3701 In
391 3650 593 3715 pulcherrimis,
605 3653 642 3709 et,
655 3653 687 3696 111
700 3648 740 3697 ita
750 3648 850 3709 dicem,
864 3647 982 3696 maxime
993 3649 1327 3713 graphicis(pittorasebi)
1341 3651 1438 3713 regio-

316 3735 407 3794 nibus,
420 3733 525 3781 scilieet
536 3731 565 3778 in
581 3728 734 3778 Andalusia
744 3733 771 3777 et
782 3729 919 3777 Valentiae
932 3730 1046 3791 campis,
1056 3729 1133 3778 nulla
1143 3730 1222 3779 adest
1232 3731 1305 3780 ruris
1316 3729 1439 3793 pictura.

348 3813 501 3874 Velasquez
519 3809 622 3872 effigies
638 3822 703 3857 suas
718 3807 791 3856 ruris
809 3809 1002 3870 prospectibus
1018 3809 1188 3868 circumdat,
1205 3815 1232 3859 et
1252 3822 1337 3872 gener
1351 3809 1441 3870 illius,

316 3893 448 3942 Mantinea
465 3891 508 3939 del
523 3890 599 3940 Maso
615 3887 770 3951 (luta-1667)
788 3888 870 3950 hujus
885 3888 960 3938 modi
973 3894 1138 3952 prospectus
1154 3891 1183 3939 in
1198 3890 1306 3940 tabulas
1316 3890 1439 3954 inducit,

316 3973 364 4023 sed
381 3973 415 4021 ad
430 3973 604 4020 ornationem
616 3974 644 4018 et
659 3969 885 4018 concinnitatem.

348 4052 430 4112 Quod
445 4053 478 4100 ad
495 4049 710 4113 explanandum,
727 4062 797 4111 opus
814 4055 887 4096 esset
901 4049 1020 4110 primhm
1036 4062 1205 4112 cognoscere
1218 4063 1281 4112 quae
1296 4049 1352 4099 sint
1366 4049 1442 4099 lucis

315 4134 490 4182 conditiones
503 4131 533 4179 in
548 4129 692 4192 Hispania,
710 4129 841 4191 quoniam
857 4133 1029 4191 compertum
1046 4134 1088 4178 est
1103 4129 1200 4180 Batavi
1217 4130 1280 4179 coeli
1297 4130 1441 4191 subtilem,

315 4215 456 4264 humidam
469 4217 496 4262 et
511 4213 662 4261 coloratam
674 4212 765 4259 lucem
775 4224 857 4258 unam
874 4224 907 4258 ex
919 4210 1071 4273 praecipuis
1084 4211 1176 4260 causis
1189 4211 1276 4262 luisse
1290 4209 1365 4260 unde
1378 4216 1443 4261 orta

315 4296 351 4345 sil
362 4295 390 4343 in
402 4294 516 4343 aaronis
529 4293 667 4355 pictorum
681 4291 785 4341 schola.
798 4317 828 4326 -
841 4289 945 4339 Verhm
955 4290 989 4338 ad
1002 4291 1090 4354 ipsam
1102 4291 1290 4354 Hispanorum
1303 4290 1439 4354 indolem,

314 4376 457 4439 ipsamque
477 4386 573 4422 eorum
593 4371 676 4420 fidem
697 4370 896 4420 recurrendum
918 4373 975 4432 est,
995 4383 1058 4432 quae
1077 4370 1217 4419 hominem
1237 4371 1328 4420 solum
1346 4375 1440 4433 curat,

313 4461 440 4505 naturam
455 4457 548 4502 autem
562 4450 733 4512 contemnit,
748 4463 864 4512 eamque
878 4462 930 4498 noc
943 4451 1085 4510 paganico
1101 4461 1210 4511 amera,
1226 4452 1257 4498 ut
1272 4447 1372 4511 Italici,
1386 4461 1440 4500 nac

314 4537 435 4600 cogitato
449 4534 557 4602 affeetu,
572 4538 603 4580 111
620 4531 728 4592 Bataui,
745 4531 930 4595 amplectitur.
