<?xml version="1.0" encoding="UTF-8"?>
<!DOCTYPE html PUBLIC "-//W3C//DTD XHTML 1.0 Transitional//EN"
    "http://www.w3.org/TR/xhtml1/DTD/xhtml1-transitional.dtd">
<html xmlns="http://www.w3.org/1999/xhtml" xml:lang="en" lang="en">
 <head>
  <title>
</title>
<meta http-equiv="Content-Type" content="text/html;charset=utf-8" />
  <meta name='ocr-system' content='tesseract 3.04.00' />
  <meta name='ocr-capabilities' content='ocr_page ocr_carea ocr_par ocr_line ocrx_word'/>
</head>
<body>
  <div class='ocr_page' id='page_1' title='image "./curarspicturaea01rollgoog_0026.png"; bbox 0 0 3176 5152; ppageno 0'>
   <div class='ocr_carea' id='block_1_1' title="bbox 347 425 1461 660">
    <p class='ocr_par' dir='ltr' id='par_1_1' title="bbox 347 425 1461 660">
     <span class='ocr_line' id='line_1_1' title="bbox 827 425 985 486; baseline 0 -14"><span class='ocrx_word' id='word_1_1' title='bbox 827 460 865 472; x_wconf 89' lang='lat'>..</span> <span class='ocrx_word' id='word_1_2' title='bbox 887 425 925 486; x_wconf 75' lang='lat'>20</span> <span class='ocrx_word' id='word_1_3' title='bbox 946 461 985 472; x_wconf 86' lang='grc'>-</span> 
     </span>
     <span class='ocr_line' id='line_1_2' title="bbox 347 530 1461 660; baseline 0.002 -22"><span class='ocrx_word' id='word_1_4' title='bbox 347 567 543 658; x_wconf 81' lang='lat' dir='ltr'>abripiens.</span> <span class='ocrx_word' id='word_1_5' title='bbox 566 592 583 630; x_wconf 85' lang='lat'><strong>›</strong></span> <span class='ocrx_word' id='word_1_6' title='bbox 610 603 654 618; x_wconf 88' lang='lat'><em>-</em></span> <span class='ocrx_word' id='word_1_7' title='bbox 675 530 862 636; x_wconf 86' lang='lat' dir='ltr'>insolitam</span> <span class='ocrx_word' id='word_1_8' title='bbox 878 559 965 636; x_wconf 82' lang='lat' dir='ltr'>saud</span> <span class='ocrx_word' id='word_1_9' title='bbox 984 563 1244 651; x_wconf 81' lang='lat' dir='ltr'><strong>laudationem,</strong></span> <span class='ocrx_word' id='word_1_10' title='bbox 1267 570 1339 660; x_wconf 81' lang='lat' dir='ltr'>qna</span> <span class='ocrx_word' id='word_1_11' title='bbox 1358 570 1461 660; x_wconf 46' lang='lat' dir='ltr'>aqui*</span> 
     </span>
    </p>
   </div>
   <div class='ocr_carea' id='block_1_2' title="bbox 333 679 1500 3770">
    <p class='ocr_par' dir='ltr' id='par_1_2' title="bbox 334 679 1479 3426">
     <span class='ocr_line' id='line_1_3' title="bbox 347 679 1460 774; baseline 0.003 -21"><span class='ocrx_word' id='word_1_12' title='bbox 347 688 493 772; x_wconf 89' lang='lat' dir='ltr'>paratur</span> <span class='ocrx_word' id='word_1_13' title='bbox 520 681 583 752; x_wconf 86' lang='lat' dir='ltr'>Dei</span> <span class='ocrx_word' id='word_1_14' title='bbox 611 679 796 770; x_wconf 75' lang='lat' dir='ltr'>sepultura</span> <span class='ocrx_word' id='word_1_15' title='bbox 830 698 911 750; x_wconf 89' lang='lat' dir='ltr'>cum</span> <span class='ocrx_word' id='word_1_16' title='bbox 932 680 1075 752; x_wconf 78' lang='lat' dir='ltr'>funebri</span> <span class='ocrx_word' id='word_1_17' title='bbox 1101 681 1257 756; x_wconf 83' lang='lat' dir='ltr'>haeredis</span> <span class='ocrx_word' id='word_1_18' title='bbox 1281 685 1460 774; x_wconf 88' lang='lat' dir='ltr'>cujusdam</span> 
     </span>
     <span class='ocr_line' id='line_1_4' title="bbox 347 793 1459 888; baseline 0.002 -20"><span class='ocrx_word' id='word_1_19' title='bbox 347 799 497 888; x_wconf 81' lang='lat' dir='ltr'>pompa,</span> <span class='ocrx_word' id='word_1_20' title='bbox 530 802 564 868; x_wconf 90' lang='lat' dir='ltr'>et</span> <span class='ocrx_word' id='word_1_21' title='bbox 594 795 781 866; x_wconf 82' lang='lat' dir='ltr'>invocatur</span> <span class='ocrx_word' id='word_1_22' title='bbox 805 793 980 866; x_wconf 91' lang='lat' dir='ltr'>lamiliare</span> <span class='ocrx_word' id='word_1_23' title='bbox 1006 795 1178 868; x_wconf 91' lang='lat' dir='ltr'>damnum</span> <span class='ocrx_word' id='word_1_24' title='bbox 1210 816 1252 870; x_wconf 82' lang='lat' dir='ltr'>ex</span> <span class='ocrx_word' id='word_1_25' title='bbox 1281 800 1347 871; x_wconf 80' lang='lat' dir='ltr'>hac</span> <span class='ocrx_word' id='word_1_26' title='bbox 1372 799 1459 871; x_wconf 88' lang='lat' dir='ltr'>cirili</span> 
     </span>
     <span class='ocr_line' id='line_1_5' title="bbox 346 909 1460 1004; baseline 0.004 -22"><span class='ocrx_word' id='word_1_27' title='bbox 346 920 462 985; x_wconf 91' lang='lat' dir='ltr'>morte</span> <span class='ocrx_word' id='word_1_28' title='bbox 496 909 702 1002; x_wconf 83' lang='lat' dir='ltr'>receptum!</span> <span class='ocrx_word' id='word_1_29' title='bbox 738 909 1054 984; x_wconf 80' lang='lat' dir='ltr'>verumenimvero</span> <span class='ocrx_word' id='word_1_30' title='bbox 1095 913 1333 1004; x_wconf 80' lang='lat' dir='ltr'>AEsehytiaat,</span> <span class='ocrx_word' id='word_1_31' title='bbox 1375 933 1460 1004; x_wconf 85' lang='lat' dir='ltr'>quos</span> 
     </span>
     <span class='ocr_line' id='line_1_6' title="bbox 345 1024 1459 1120; baseline -0.001 -19"><span class='ocrx_word' id='word_1_32' title='bbox 345 1029 519 1101; x_wconf 86' lang='lat' dir='ltr'>Mantinia</span> <span class='ocrx_word' id='word_1_33' title='bbox 543 1024 754 1120; x_wconf 81' lang='lat' dir='ltr'>(llantegna)</span> <span class='ocrx_word' id='word_1_34' title='bbox 780 1026 938 1108; x_wconf 84' lang='lat' dir='ltr'>exhibet,</span> <span class='ocrx_word' id='word_1_35' title='bbox 961 1026 1118 1110; x_wconf 76' lang='lat' dir='ltr'>furores,</span> <span class='ocrx_word' id='word_1_36' title='bbox 1141 1029 1209 1102; x_wconf 87' lang='lat' dir='ltr'>etsi</span> <span class='ocrx_word' id='word_1_37' title='bbox 1234 1027 1361 1120; x_wconf 84' lang='lat' dir='ltr'>partim</span> <span class='ocrx_word' id='word_1_38' title='bbox 1384 1030 1459 1102; x_wconf 88' lang='lat' dir='ltr'>reli-</span> 
     </span>
     <span class='ocr_line' id='line_1_7' title="bbox 344 1140 1458 1234; baseline 0.002 -20"><span class='ocrx_word' id='word_1_39' title='bbox 344 1140 455 1234; x_wconf 79' lang='lat' dir='ltr'>giosi,</span> <span class='ocrx_word' id='word_1_40' title='bbox 482 1143 664 1234; x_wconf 83' lang='lat' dir='ltr'>digniores</span> <span class='ocrx_word' id='word_1_41' title='bbox 688 1141 750 1213; x_wconf 87' lang='lat' dir='ltr'>tali</span> <span class='ocrx_word' id='word_1_42' title='bbox 777 1148 987 1232; x_wconf 83' lang='lat' dir='ltr'>argumento</span> <span class='ocrx_word' id='word_1_43' title='bbox 1013 1140 1193 1226; x_wconf 86' lang='lat' dir='ltr'>ridentur,</span> <span class='ocrx_word' id='word_1_44' title='bbox 1214 1183 1259 1196; x_wconf 87' lang='lat'>--</span> <span class='ocrx_word' id='word_1_45' title='bbox 1283 1145 1355 1217; x_wconf 85' lang='lat' dir='ltr'>imo</span> <span class='ocrx_word' id='word_1_46' title='bbox 1381 1163 1458 1218; x_wconf 91' lang='lat' dir='ltr'>cou-</span> 
     </span>
     <span class='ocr_line' id='line_1_8' title="bbox 345 1256 1457 1350; baseline 0.003 -21"><span class='ocrx_word' id='word_1_47' title='bbox 345 1260 489 1331; x_wconf 88' lang='lat' dir='ltr'>strictus</span> <span class='ocrx_word' id='word_1_48' title='bbox 509 1257 569 1329; x_wconf 90' lang='lat' dir='ltr'>ille</span> <span class='ocrx_word' id='word_1_49' title='bbox 589 1256 704 1342; x_wconf 87' lang='lat' dir='ltr'>dolor,</span> <span class='ocrx_word' id='word_1_50' title='bbox 722 1275 763 1329; x_wconf 85' lang='lat' dir='ltr'>ex</span> <span class='ocrx_word' id='word_1_51' title='bbox 782 1257 904 1330; x_wconf 86' lang='lat' dir='ltr'>animo</span> <span class='ocrx_word' id='word_1_52' title='bbox 919 1256 1051 1340; x_wconf 87' lang='lat' dir='ltr'>linens,</span> <span class='ocrx_word' id='word_1_53' title='bbox 1070 1276 1177 1348; x_wconf 86' lang='lat' dir='ltr'>quom</span> <span class='ocrx_word' id='word_1_54' title='bbox 1193 1259 1291 1350; x_wconf 91' lang='lat' dir='ltr'>apud</span> <span class='ocrx_word' id='word_1_55' title='bbox 1306 1260 1457 1332; x_wconf 80' lang='lat' dir='ltr'>(liuttom</span> 
     </span>
     <span class='ocr_line' id='line_1_9' title="bbox 344 1373 1458 1465; baseline 0.003 -19"><span class='ocrx_word' id='word_1_56' title='bbox 344 1382 379 1447; x_wconf 89' lang='lat' dir='ltr'>et</span> <span class='ocrx_word' id='word_1_57' title='bbox 397 1373 605 1465; x_wconf 70' lang='lat' dir='ltr'>angelicum</span> <span class='ocrx_word' id='word_1_58' title='bbox 627 1373 801 1445; x_wconf 83' lang='lat' dir='ltr'>invenies.</span> <span class='ocrx_word' id='word_1_59' title='bbox 825 1413 872 1424; x_wconf 97' lang='lat'>-</span> <span class='ocrx_word' id='word_1_60' title='bbox 905 1399 921 1436; x_wconf 74' lang='grc' dir='ltr'>ι</span> <span class='ocrx_word' id='word_1_61' title='bbox 948 1373 1087 1446; x_wconf 87' lang='lat' dir='ltr'>Medius</span> <span class='ocrx_word' id='word_1_62' title='bbox 1105 1373 1228 1460; x_wconf 81' lang='lat' dir='ltr'>lidius,</span> <span class='ocrx_word' id='word_1_63' title='bbox 1250 1376 1379 1448; x_wconf 88' lang='lat' dir='ltr'>clamat</span> <span class='ocrx_word' id='word_1_64' title='bbox 1396 1377 1458 1449; x_wconf 86' lang='lat' dir='ltr'>lla·</span> 
     </span>
     <span class='ocr_line' id='line_1_10' title="bbox 344 1487 1457 1582; baseline 0.003 -21"><span class='ocrx_word' id='word_1_65' title='bbox 344 1490 461 1561; x_wconf 90' lang='lat' dir='ltr'>sarius</span> <span class='ocrx_word' id='word_1_66' title='bbox 489 1495 623 1570; x_wconf 85' lang='lat' dir='ltr'>noster,</span> <span class='ocrx_word' id='word_1_67' title='bbox 645 1495 737 1560; x_wconf 89' lang='lat' dir='ltr'>certe</span> <span class='ocrx_word' id='word_1_68' title='bbox 757 1488 866 1561; x_wconf 86' lang='lat' dir='ltr'>hahet</span> <span class='ocrx_word' id='word_1_69' title='bbox 885 1487 984 1578; x_wconf 86' lang='lat' dir='ltr'>quod</span> <span class='ocrx_word' id='word_1_70' title='bbox 1004 1489 1154 1561; x_wconf 90' lang='lat' dir='ltr'>miretur</span> <span class='ocrx_word' id='word_1_71' title='bbox 1174 1490 1237 1581; x_wconf 87' lang='lat' dir='ltr'>qui</span> <span class='ocrx_word' id='word_1_72' title='bbox 1255 1490 1457 1582; x_wconf 76' lang='lat' dir='ltr'>diligentem</span> 
     </span>
     <span class='ocr_line' id='line_1_11' title="bbox 343 1602 1458 1696; baseline 0.001 -21"><span class='ocrx_word' id='word_1_73' title='bbox 343 1623 478 1689; x_wconf 87' lang='lat' dir='ltr'>curam,</span> <span class='ocrx_word' id='word_1_74' title='bbox 492 1621 662 1682; x_wconf 86' lang='lat' dir='ltr'>amorem,</span> <span class='ocrx_word' id='word_1_75' title='bbox 681 1610 808 1687; x_wconf 88' lang='lat' dir='ltr'>artem,</span> <span class='ocrx_word' id='word_1_76' title='bbox 823 1602 972 1693; x_wconf 81' lang='lat' dir='ltr'>gratiam</span> <span class='ocrx_word' id='word_1_77' title='bbox 991 1603 1208 1690; x_wconf 86' lang='lat' dir='ltr'>considerat,</span> <span class='ocrx_word' id='word_1_78' title='bbox 1227 1623 1308 1694; x_wconf 86' lang='lat' dir='ltr'>quoe</span> <span class='ocrx_word' id='word_1_79' title='bbox 1323 1606 1368 1676; x_wconf 88' lang='lat' dir='ltr'>ad</span> <span class='ocrx_word' id='word_1_80' title='bbox 1383 1625 1458 1696; x_wconf 88' lang='lat' dir='ltr'>per-</span> 
     </span>
     <span class='ocr_line' id='line_1_12' title="bbox 341 1717 1458 1810; baseline 0.003 -20"><span class='ocrx_word' id='word_1_81' title='bbox 341 1719 536 1791; x_wconf 85' lang='lat' dir='ltr'>ficiendum</span> <span class='ocrx_word' id='word_1_82' title='bbox 549 1736 641 1810; x_wconf 92' lang='lat' dir='ltr'>opus</span> <span class='ocrx_word' id='word_1_83' title='bbox 656 1717 745 1788; x_wconf 87' lang='lat' dir='ltr'>illud</span> <span class='ocrx_word' id='word_1_84' title='bbox 764 1718 921 1809; x_wconf 85' lang='lat' dir='ltr'>Raphael</span> <span class='ocrx_word' id='word_1_85' title='bbox 937 1717 1124 1790; x_wconf 72' lang='lat' dir='ltr'>adhibuit!</span> <span class='ocrx_word' id='word_1_86' title='bbox 1141 1720 1359 1810; x_wconf 83' lang='lat' dir='ltr'>quicumque</span> <span class='ocrx_word' id='word_1_87' title='bbox 1372 1720 1458 1793; x_wconf 88' lang='lat' dir='ltr'>illud</span> 
     </span>
     <span class='ocr_line' id='line_1_13' title="bbox 342 1833 1458 1926; baseline -0.001 -19"><span class='ocrx_word' id='word_1_88' title='bbox 342 1841 477 1926; x_wconf 91' lang='lat' dir='ltr'>spectat</span> <span class='ocrx_word' id='word_1_89' title='bbox 496 1833 733 1904; x_wconf 82' lang='lat' dir='ltr'>admiratione</span> <span class='ocrx_word' id='word_1_90' title='bbox 758 1835 969 1923; x_wconf 83' lang='lat' dir='ltr'>completur,</span> <span class='ocrx_word' id='word_1_91' title='bbox 992 1834 1081 1906; x_wconf 80' lang='lat' dir='ltr'>adeo</span> <span class='ocrx_word' id='word_1_92' title='bbox 1101 1834 1208 1908; x_wconf 80' lang='lat' dir='ltr'>uiridi</span> <span class='ocrx_word' id='word_1_93' title='bbox 1234 1835 1368 1907; x_wconf 85' lang='lat' dir='ltr'>adsunt</span> <span class='ocrx_word' id='word_1_94' title='bbox 1385 1837 1458 1906; x_wconf 85' lang='lat' dir='ltr'>uul-</span> 
     </span>
     <span class='ocr_line' id='line_1_14' title="bbox 343 1948 1459 2042; baseline 0.001 -20"><span class='ocrx_word' id='word_1_95' title='bbox 343 1959 414 2036; x_wconf 84' lang='lat' dir='ltr'>tus,</span> <span class='ocrx_word' id='word_1_96' title='bbox 442 1955 601 2022; x_wconf 83' lang='lat' dir='ltr'>venustae</span> <span class='ocrx_word' id='word_1_97' title='bbox 628 1956 758 2030; x_wconf 85' lang='lat' dir='ltr'>restes,</span> <span class='ocrx_word' id='word_1_98' title='bbox 781 1949 868 2039; x_wconf 87' lang='lat' dir='ltr'>quid</span> <span class='ocrx_word' id='word_1_99' title='bbox 889 1948 1028 2021; x_wconf 74' lang='lat' dir='ltr'>marita?</span> <span class='ocrx_word' id='word_1_100' title='bbox 1047 1950 1137 2022; x_wconf 81' lang='lat' dir='ltr'>adet</span> <span class='ocrx_word' id='word_1_101' title='bbox 1163 1951 1301 2042; x_wconf 78' lang='lat' dir='ltr'>integra</span> <span class='ocrx_word' id='word_1_102' title='bbox 1328 1953 1459 2024; x_wconf 88' lang='lat' dir='ltr'>eminet</span> 
     </span>
     <span class='ocr_line' id='line_1_15' title="bbox 340 2065 1456 2156; baseline 0 -18"><span class='ocrx_word' id='word_1_103' title='bbox 340 2067 376 2138; x_wconf 89' lang='lat' dir='ltr'>in</span> <span class='ocrx_word' id='word_1_104' title='bbox 399 2066 568 2138; x_wconf 83' lang='lat' dir='ltr'>omnibus</span> <span class='ocrx_word' id='word_1_105' title='bbox 588 2065 789 2154; x_wconf 85' lang='lat' dir='ltr'>argumenti</span> <span class='ocrx_word' id='word_1_106' title='bbox 809 2065 972 2154; x_wconf 85' lang='lat' dir='ltr'>partibus</span> <span class='ocrx_word' id='word_1_107' title='bbox 994 2066 1178 2156; x_wconf 78' lang='lat' dir='ltr'>perlectis.</span> <span class='ocrx_word' id='word_1_108' title='bbox 1202 2093 1217 2132; x_wconf 66' lang='lat' dir='ltr'>a</span> <span class='ocrx_word' id='word_1_109' title='bbox 1250 2107 1295 2120; x_wconf 86' lang='lat'>-</span> <span class='ocrx_word' id='word_1_110' title='bbox 1322 2068 1456 2139; x_wconf 89' lang='lat' dir='ltr'>Vasarii</span> 
     </span>
     <span class='ocr_line' id='line_1_16' title="bbox 340 2179 1459 2273; baseline 0 -19"><span class='ocrx_word' id='word_1_111' title='bbox 340 2183 487 2273; x_wconf 85' lang='lat' dir='ltr'>quidem</span> <span class='ocrx_word' id='word_1_112' title='bbox 507 2181 711 2272; x_wconf 87' lang='lat' dir='ltr'>praedicatio</span> <span class='ocrx_word' id='word_1_113' title='bbox 733 2199 804 2252; x_wconf 92' lang='lat' dir='ltr'>non</span> <span class='ocrx_word' id='word_1_114' title='bbox 828 2179 947 2252; x_wconf 83' lang='lat' dir='ltr'>minim</span> <span class='ocrx_word' id='word_1_115' title='bbox 969 2181 1041 2252; x_wconf 89' lang='lat' dir='ltr'>sibi</span> <span class='ocrx_word' id='word_1_116' title='bbox 1061 2190 1304 2255; x_wconf 90' lang='lat' dir='ltr'>consentanea</span> <span class='ocrx_word' id='word_1_117' title='bbox 1321 2181 1459 2254; x_wconf 86' lang='lat' dir='ltr'>videtur</span> 
     </span>
     <span class='ocr_line' id='line_1_17' title="bbox 340 2287 1479 2389; baseline 0.001 -20"><span class='ocrx_word' id='word_1_118' title='bbox 340 2297 447 2388; x_wconf 77' lang='lat' dir='ltr'>qu&#39;am</span> <span class='ocrx_word' id='word_1_119' title='bbox 465 2297 675 2386; x_wconf 83' lang='lat' dir='ltr'>vituperatio</span> <span class='ocrx_word' id='word_1_120' title='bbox 693 2303 814 2367; x_wconf 88' lang='lat' dir='ltr'>nostra</span> <span class='ocrx_word' id='word_1_121' title='bbox 834 2293 897 2389; x_wconf 87' lang='lat' dir='ltr'>(l).</span> <span class='ocrx_word' id='word_1_122' title='bbox 920 2297 998 2368; x_wconf 91' lang='lat' dir='ltr'>Non</span> <span class='ocrx_word' id='word_1_123' title='bbox 1014 2297 1122 2368; x_wconf 90' lang='lat' dir='ltr'>datur</span> <span class='ocrx_word' id='word_1_124' title='bbox 1137 2287 1252 2368; x_wconf 83' lang='lat' dir='ltr'>ullum</span> <span class='ocrx_word' id='word_1_125' title='bbox 1269 2299 1479 2388; x_wconf 64' lang='lat' dir='ltr'>liaphaelis&#39;</span> 
     </span>
     <span class='ocr_line' id='line_1_18' title="bbox 342 2409 1457 2504; baseline -0.002 -19"><span class='ocrx_word' id='word_1_126' title='bbox 342 2432 434 2504; x_wconf 89' lang='lat' dir='ltr'>opus</span> <span class='ocrx_word' id='word_1_127' title='bbox 452 2413 488 2482; x_wconf 96' lang='lat' dir='ltr'>in</span> <span class='ocrx_word' id='word_1_128' title='bbox 509 2429 581 2501; x_wconf 85' lang='lat' dir='ltr'>quo</span> <span class='ocrx_word' id='word_1_129' title='bbox 601 2410 714 2502; x_wconf 83' lang='lat' dir='ltr'>magis</span> <span class='ocrx_word' id='word_1_130' title='bbox 734 2429 791 2482; x_wconf 91' lang='lat' dir='ltr'>ars</span> <span class='ocrx_word' id='word_1_131' title='bbox 811 2417 941 2501; x_wconf 77' lang='lat' dir='ltr'>pateat,</span> <span class='ocrx_word' id='word_1_132' title='bbox 964 2409 1085 2483; x_wconf 80' lang='lat' dir='ltr'>minus</span> <span class='ocrx_word' id='word_1_133' title='bbox 1105 2412 1186 2484; x_wconf 82' lang='lat' dir='ltr'>vert</span> <span class='ocrx_word' id='word_1_134' title='bbox 1201 2413 1340 2485; x_wconf 78' lang='lat' dir='ltr'>artifex.</span> <span class='ocrx_word' id='word_1_135' title='bbox 1363 2413 1457 2485; x_wconf 88' lang='lat' dir='ltr'>Nihil</span> 
     </span>
     <span class='ocr_line' id='line_1_19' title="bbox 337 2526 1456 2618; baseline -0.001 -17"><span class='ocrx_word' id='word_1_136' title='bbox 337 2527 417 2601; x_wconf 79' lang='lat' dir='ltr'>fore</span> <span class='ocrx_word' id='word_1_137' title='bbox 437 2534 601 2618; x_wconf 86' lang='lat' dir='ltr'>superest</span> <span class='ocrx_word' id='word_1_138' title='bbox 626 2545 669 2598; x_wconf 83' lang='lat' dir='ltr'>en</span> <span class='ocrx_word' id='word_1_139' title='bbox 697 2544 739 2598; x_wconf 92' lang='lat' dir='ltr'>eo</span> <span class='ocrx_word' id='word_1_140' title='bbox 768 2526 865 2616; x_wconf 86' lang='lat' dir='ltr'>quod</span> <span class='ocrx_word' id='word_1_141' title='bbox 890 2527 1045 2599; x_wconf 83' lang='lat' dir='ltr'>nativam</span> <span class='ocrx_word' id='word_1_142' title='bbox 1074 2527 1209 2618; x_wconf 76' lang='lat' dir='ltr'>ingenii</span> <span class='ocrx_word' id='word_1_143' title='bbox 1237 2528 1396 2600; x_wconf 88' lang='lat' dir='ltr'>animam</span> <span class='ocrx_word' id='word_1_144' title='bbox 1421 2536 1456 2600; x_wconf 90' lang='lat' dir='ltr'>et</span> 
     </span>
     <span class='ocr_line' id='line_1_20' title="bbox 337 2640 1458 2734; baseline -0.002 -20"><span class='ocrx_word' id='word_1_145' title='bbox 337 2644 440 2734; x_wconf 86' lang='lat' dir='ltr'>quasi</span> <span class='ocrx_word' id='word_1_146' title='bbox 476 2641 660 2733; x_wconf 89' lang='lat' dir='ltr'>proprium</span> <span class='ocrx_word' id='word_1_147' title='bbox 686 2640 830 2712; x_wconf 93' lang='lat' dir='ltr'>odorem</span> <span class='ocrx_word' id='word_1_148' title='bbox 861 2641 1082 2712; x_wconf 83' lang='lat' dir='ltr'>vocabimus.</span> <span class='ocrx_word' id='word_1_149' title='bbox 1111 2643 1231 2712; x_wconf 78' lang='lat' dir='ltr'>Animi</span> <span class='ocrx_word' id='word_1_150' title='bbox 1252 2642 1351 2713; x_wconf 92' lang='lat' dir='ltr'>illius</span> <span class='ocrx_word' id='word_1_151' title='bbox 1378 2640 1458 2713; x_wconf 75' lang='lat' dir='ltr'>vert</span> 
     </span>
     <span class='ocr_line' id='line_1_21' title="bbox 336 2755 1454 2850; baseline -0.001 -21"><span class='ocrx_word' id='word_1_152' title='bbox 336 2759 531 2830; x_wconf 86' lang='lat' dir='ltr'>Ombriana</span> <span class='ocrx_word' id='word_1_153' title='bbox 557 2757 668 2848; x_wconf 83' lang='lat' dir='ltr'>gratia</span> <span class='ocrx_word' id='word_1_154' title='bbox 693 2756 854 2828; x_wconf 89' lang='lat' dir='ltr'>stillatim</span> <span class='ocrx_word' id='word_1_155' title='bbox 881 2775 944 2846; x_wconf 91' lang='lat' dir='ltr'>per</span> <span class='ocrx_word' id='word_1_156' title='bbox 962 2757 1156 2847; x_wconf 77' lang='lat' dir='ltr'>graphidos</span> <span class='ocrx_word' id='word_1_157' title='bbox 1177 2757 1366 2829; x_wconf 83' lang='lat' dir='ltr'>exsudavit</span> <span class='ocrx_word' id='word_1_158' title='bbox 1390 2755 1454 2850; x_wconf 69' lang='lat' dir='ltr'>(t).</span> 
     </span>
     <span class='ocr_line' id='line_1_22' title="bbox 337 2871 1457 2964; baseline -0.003 -19"><span class='ocrx_word' id='word_1_159' title='bbox 337 2875 503 2946; x_wconf 85' lang='lat' dir='ltr'>-Diem</span> <span class='ocrx_word' id='word_1_160' title='bbox 528 2891 666 2963; x_wconf 82' lang='lat' dir='ltr'>grauem</span> <span class='ocrx_word' id='word_1_161' title='bbox 688 2872 726 2942; x_wconf 94' lang='lat' dir='ltr'>in</span> <span class='ocrx_word' id='word_1_162' title='bbox 746 2872 832 2943; x_wconf 91' lang='lat' dir='ltr'>artis</span> <span class='ocrx_word' id='word_1_163' title='bbox 854 2872 1004 2943; x_wconf 74' lang='lat' dir='ltr'>historio</span> <span class='ocrx_word' id='word_1_164' title='bbox 1027 2873 1177 2963; x_wconf 83' lang='lat' dir='ltr'>insignit</span> <span class='ocrx_word' id='word_1_165' title='bbox 1197 2873 1275 2944; x_wconf 86' lang='lat' dir='ltr'>haec</span> <span class='ocrx_word' id='word_1_166' title='bbox 1298 2900 1313 2937; x_wconf 87' lang='lat'>‹</span> <span class='ocrx_word' id='word_1_167' title='bbox 1338 2871 1457 2964; x_wconf 82' lang='lat' dir='ltr'>Depo-</span> 
     </span>
     <span class='ocr_line' id='line_1_23' title="bbox 334 2986 1456 3078; baseline 0.002 -20"><span class='ocrx_word' id='word_1_168' title='bbox 334 2989 397 3059; x_wconf 78' lang='lat' dir='ltr'>sitl</span> <span class='ocrx_word' id='word_1_169' title='bbox 413 2986 550 3060; x_wconf 72' lang='lat' dir='ltr'>Christi</span> <span class='ocrx_word' id='word_1_170' title='bbox 565 3014 580 3051; x_wconf 82' lang='lat'><strong>›</strong></span> <span class='ocrx_word' id='word_1_171' title='bbox 602 2988 738 3067; x_wconf 86' lang='lat' dir='ltr'>tabula,</span> <span class='ocrx_word' id='word_1_172' title='bbox 756 2987 794 3058; x_wconf 91' lang='lat' dir='ltr'>in</span> <span class='ocrx_word' id='word_1_173' title='bbox 813 2989 885 3078; x_wconf 77' lang='lat' dir='ltr'>qud</span> <span class='ocrx_word' id='word_1_174' title='bbox 901 2987 1029 3077; x_wconf 76' lang='lat' dir='ltr'>triplex</span> <span class='ocrx_word' id='word_1_175' title='bbox 1052 2987 1228 3077; x_wconf 86' lang='lat' dir='ltr'>reperitur</span> <span class='ocrx_word' id='word_1_176' title='bbox 1242 2988 1366 3062; x_wconf 85' lang='lat' dir='ltr'>vitium</span> <span class='ocrx_word' id='word_1_177' title='bbox 1383 3007 1456 3078; x_wconf 89' lang='lat' dir='ltr'>quo</span> 
     </span>
     <span class='ocr_line' id='line_1_24' title="bbox 335 3097 1456 3194; baseline -0.003 -20"><span class='ocrx_word' id='word_1_178' title='bbox 335 3105 474 3194; x_wconf 88' lang='lat' dir='ltr'>pictura</span> <span class='ocrx_word' id='word_1_179' title='bbox 491 3097 604 3174; x_wconf 78' lang='lat' dir='ltr'>lllllmi</span> <span class='ocrx_word' id='word_1_180' title='bbox 619 3102 741 3172; x_wconf 77' lang='lat' dir='ltr'>saeculi</span> <span class='ocrx_word' id='word_1_181' title='bbox 763 3101 919 3191; x_wconf 84' lang='lat' dir='ltr'>peribit:</span> <span class='ocrx_word' id='word_1_182' title='bbox 938 3100 1084 3186; x_wconf 81' lang='lat' dir='ltr'>scilicet,</span> <span class='ocrx_word' id='word_1_183' title='bbox 1105 3109 1144 3174; x_wconf 91' lang='lat' dir='ltr'>ut</span> <span class='ocrx_word' id='word_1_184' title='bbox 1164 3102 1352 3175; x_wconf 75' lang='lat' dir='ltr'>recentiori</span> <span class='ocrx_word' id='word_1_185' title='bbox 1372 3103 1456 3174; x_wconf 92' lang='lat' dir='ltr'>stilo</span> 
     </span>
     <span class='ocr_line' id='line_1_25' title="bbox 336 3216 1458 3308; baseline 0 -18"><span class='ocrx_word' id='word_1_186' title='bbox 336 3227 428 3300; x_wconf 91' lang='lat' dir='ltr'>utar,</span> <span class='ocrx_word' id='word_1_187' title='bbox 451 3219 581 3292; x_wconf 81' lang='lat' dir='ltr'>senatis</span> <span class='ocrx_word' id='word_1_188' title='bbox 598 3217 734 3308; x_wconf 88' lang='lat' dir='ltr'>proprii</span> <span class='ocrx_word' id='word_1_189' title='bbox 755 3216 932 3289; x_wconf 83' lang='lat' dir='ltr'>abdicatio</span> <span class='ocrx_word' id='word_1_190' title='bbox 951 3235 1017 3307; x_wconf 92' lang='lat' dir='ltr'>pro</span> <span class='ocrx_word' id='word_1_191' title='bbox 1037 3218 1187 3290; x_wconf 79' lang='lat' dir='ltr'>scientia</span> <span class='ocrx_word' id='word_1_192' title='bbox 1202 3225 1237 3289; x_wconf 93' lang='lat' dir='ltr'>et</span> <span class='ocrx_word' id='word_1_193' title='bbox 1253 3218 1402 3302; x_wconf 78' lang='lat' dir='ltr'>ratione,</span> <span class='ocrx_word' id='word_1_194' title='bbox 1420 3226 1458 3290; x_wconf 89' lang='lat' dir='ltr'>et</span> 
     </span>
     <span class='ocr_line' id='line_1_26' title="bbox 336 3327 885 3426; baseline -0.005 -22"><span class='ocrx_word' id='word_1_195' title='bbox 336 3336 586 3426; x_wconf 83' lang='lat' dir='ltr'>magistrorum</span> <span class='ocrx_word' id='word_1_196' title='bbox 607 3331 799 3422; x_wconf 78' lang='lat' dir='ltr'>disciplina</span> <span class='ocrx_word' id='word_1_197' title='bbox 821 3331 831 3424; x_wconf 91' lang='lat'><strong>(</strong></span> <span class='ocrx_word' id='word_1_198' title='bbox 859 3327 885 3425; x_wconf 89' lang='lat'>).</span> 
     </span>
    </p>

    <p class='ocr_par' dir='ltr' id='par_1_3' title="bbox 333 3446 1500 3770">
     <span class='ocr_line' id='line_1_27' title="bbox 347 3446 1500 3538; baseline -0.003 -15"><span class='ocrx_word' id='word_1_199' title='bbox 347 3519 349 3524; x_wconf 83' lang='lat'><em>.</em></span> <span class='ocrx_word' id='word_1_200' title='bbox 383 3448 486 3520; x_wconf 80' lang='lat' dir='ltr'>Falso</span> <span class='ocrx_word' id='word_1_201' title='bbox 507 3455 625 3519; x_wconf 89' lang='lat' dir='ltr'>tamen</span> <span class='ocrx_word' id='word_1_202' title='bbox 654 3446 815 3518; x_wconf 90' lang='lat' dir='ltr'>crederes</span> <span class='ocrx_word' id='word_1_203' title='bbox 841 3446 1079 3536; x_wconf 82' lang='lat' dir='ltr'>periculosam</span> <span class='ocrx_word' id='word_1_204' title='bbox 1105 3447 1312 3518; x_wconf 83' lang='lat' dir='ltr'>honoriam</span> <span class='ocrx_word' id='word_1_205' title='bbox 1333 3466 1457 3520; x_wconf 87' lang='lat' dir='ltr'>ossea</span> <span class='ocrx_word' id='word_1_206' title='bbox 1497 3533 1500 3538; x_wconf 21' lang='lat'>¹</span> 
     </span>
     <span class='ocr_line' id='line_1_28' title="bbox 334 3562 1457 3656; baseline -0.002 -20"><span class='ocrx_word' id='word_1_207' title='bbox 334 3565 513 3656; x_wconf 86' lang='lat' dir='ltr'>Raphaele</span> <span class='ocrx_word' id='word_1_208' title='bbox 531 3569 785 3642; x_wconf 88' lang='lat' dir='ltr'>monstratam,</span> <span class='ocrx_word' id='word_1_209' title='bbox 813 3562 1005 3651; x_wconf 91' lang='lat' dir='ltr'>ipsumque</span> <span class='ocrx_word' id='word_1_210' title='bbox 1031 3563 1246 3653; x_wconf 86' lang='lat' dir='ltr'>Raphaelem</span> <span class='ocrx_word' id='word_1_211' title='bbox 1268 3563 1306 3634; x_wconf 92' lang='lat' dir='ltr'>in</span> <span class='ocrx_word' id='word_1_212' title='bbox 1331 3566 1374 3636; x_wconf 81' lang='lat' dir='ltr'>ed</span> <span class='ocrx_word' id='word_1_213' title='bbox 1398 3565 1457 3642; x_wconf 87' lang='lat' dir='ltr'>iu-</span> 
     </span>
     <span class='ocr_line' id='line_1_29' title="bbox 333 3676 1455 3770; baseline -0.003 -16"><span class='ocrx_word' id='word_1_214' title='bbox 333 3682 476 3770; x_wconf 78' lang='lat' dir='ltr'>genium</span> <span class='ocrx_word' id='word_1_215' title='bbox 502 3697 608 3750; x_wconf 89' lang='lat' dir='ltr'>suum</span> <span class='ocrx_word' id='word_1_216' title='bbox 630 3677 841 3767; x_wconf 80' lang='lat' dir='ltr'>dissiptsse.</span> <span class='ocrx_word' id='word_1_217' title='bbox 865 3677 1046 3750; x_wconf 89' lang='lat' dir='ltr'>Praeterito</span> <span class='ocrx_word' id='word_1_218' title='bbox 1074 3676 1197 3750; x_wconf 81' lang='lat' dir='ltr'>contra</span> <span class='ocrx_word' id='word_1_219' title='bbox 1223 3679 1291 3752; x_wconf 90' lang='lat' dir='ltr'>hoc</span> <span class='ocrx_word' id='word_1_220' title='bbox 1317 3679 1455 3751; x_wconf 90' lang='lat' dir='ltr'>lastidii</span> 
     </span>
    </p>
   </div>
   <div class='ocr_carea' id='block_1_3' title="bbox 329 3972 1458 4596">
    <p class='ocr_par' dir='ltr' id='par_1_4' title="bbox 330 3972 1457 4273">
     <span class='ocr_line' id='line_1_30' title="bbox 363 3972 1456 4038; baseline 0 -14"><span class='ocrx_word' id='word_1_221' title='bbox 363 3977 396 4038; x_wconf 82' lang='lat' dir='ltr'>(l)</span> <span class='ocrx_word' id='word_1_222' title='bbox 411 3973 519 4023; x_wconf 87' lang='lat' dir='ltr'>Vasarii</span> <span class='ocrx_word' id='word_1_223' title='bbox 535 3973 631 4021; x_wconf 85' lang='lat' dir='ltr'>laudes</span> <span class='ocrx_word' id='word_1_224' title='bbox 651 3973 680 4020; x_wconf 91' lang='lat' dir='ltr'>in</span> <span class='ocrx_word' id='word_1_225' title='bbox 701 3985 746 4020; x_wconf 88' lang='lat' dir='ltr'>eas</span> <span class='ocrx_word' id='word_1_226' title='bbox 770 3972 943 4034; x_wconf 82' lang='lat' dir='ltr'>potissimum</span> <span class='ocrx_word' id='word_1_227' title='bbox 965 3977 1056 4034; x_wconf 87' lang='lat' dir='ltr'>partes</span> <span class='ocrx_word' id='word_1_228' title='bbox 1076 3973 1150 4021; x_wconf 75' lang='lat' dir='ltr'>recto*</span> <span class='ocrx_word' id='word_1_229' title='bbox 1169 3974 1297 4023; x_wconf 88' lang='lat' dir='ltr'>incidunt</span> <span class='ocrx_word' id='word_1_230' title='bbox 1311 3989 1380 4036; x_wconf 87' lang='lat' dir='ltr'>quas</span> <span class='ocrx_word' id='word_1_231' title='bbox 1400 3989 1456 4024; x_wconf 81' lang='lat' dir='ltr'>nos</span> 
     </span>
     <span class='ocr_line' id='line_1_31' title="bbox 332 4051 1456 4113; baseline -0.001 -10"><span class='ocrx_word' id='word_1_232' title='bbox 332 4053 455 4103; x_wconf 80' lang='lat' dir='ltr'>maximd&#39;</span> <span class='ocrx_word' id='word_1_233' title='bbox 465 4054 581 4102; x_wconf 89' lang='lat' dir='ltr'>vitiosas</span> <span class='ocrx_word' id='word_1_234' title='bbox 597 4065 628 4100; x_wconf 89' lang='lat' dir='ltr'>ac</span> <span class='ocrx_word' id='word_1_235' title='bbox 643 4051 758 4113; x_wconf 81' lang='lat' dir='ltr'>frigidas</span> <span class='ocrx_word' id='word_1_236' title='bbox 776 4051 932 4112; x_wconf 77' lang='lat' dir='ltr'>Judicarnus</span> <span class='ocrx_word' id='word_1_237' title='bbox 947 4064 952 4098; x_wconf 94' lang='lat'>:</span> <span class='ocrx_word' id='word_1_238' title='bbox 970 4067 982 4096; x_wconf 82' lang='lat' dir='ltr'>o</span> <span class='ocrx_word' id='word_1_239' title='bbox 1003 4051 1120 4100; x_wconf 86' lang='lat' dir='ltr'>Notabis</span> <span class='ocrx_word' id='word_1_240' title='bbox 1139 4053 1293 4113; x_wconf 83' lang='lat' dir='ltr'>praesertim</span> <span class='ocrx_word' id='word_1_241' title='bbox 1317 4053 1456 4102; x_wconf 84' lang='lat' dir='ltr'>Sanctum</span> 
     </span>
     <span class='ocr_line' id='line_1_32' title="bbox 331 4129 1457 4194; baseline -0.004 -10"><span class='ocrx_word' id='word_1_242' title='bbox 331 4135 480 4192; x_wconf 74' lang='lat' dir='ltr'>loannem,</span> <span class='ocrx_word' id='word_1_243' title='bbox 497 4132 663 4194; x_wconf 90' lang='lat' dir='ltr'>compressis</span> <span class='ocrx_word' id='word_1_244' title='bbox 686 4131 827 4190; x_wconf 88' lang='lat' dir='ltr'>manibus,</span> <span class='ocrx_word' id='word_1_245' title='bbox 844 4133 927 4192; x_wconf 86' lang='lat' dir='ltr'>caput</span> <span class='ocrx_word' id='word_1_246' title='bbox 942 4130 1006 4178; x_wconf 89' lang='lat' dir='ltr'>talis</span> <span class='ocrx_word' id='word_1_247' title='bbox 1020 4129 1094 4178; x_wconf 89' lang='lat' dir='ltr'>modi</span> <span class='ocrx_word' id='word_1_248' title='bbox 1110 4136 1190 4194; x_wconf 84' lang='lat' dir='ltr'>gestu</span> <span class='ocrx_word' id='word_1_249' title='bbox 1209 4131 1404 4192; x_wconf 84' lang='lat' dir='ltr'>inclinantem,</span> <span class='ocrx_word' id='word_1_250' title='bbox 1419 4139 1457 4182; x_wconf 86' lang='lat' dir='ltr'>ut</span> 
     </span>
     <span class='ocr_line' id='line_1_33' title="bbox 330 4213 902 4273; baseline -0.012 -11"><span class='ocrx_word' id='word_1_251' title='bbox 330 4215 494 4262; x_wconf 90' lang='lat' dir='ltr'>durissimos</span> <span class='ocrx_word' id='word_1_252' title='bbox 509 4213 615 4260; x_wconf 89' lang='lat' dir='ltr'>animos</span> <span class='ocrx_word' id='word_1_253' title='bbox 630 4213 757 4273; x_wconf 86' lang='lat' dir='ltr'>frangere</span> <span class='ocrx_word' id='word_1_254' title='bbox 775 4213 873 4260; x_wconf 84' lang='lat' dir='ltr'>valeat.</span> <span class='ocrx_word' id='word_1_255' title='bbox 890 4226 902 4256; x_wconf 81' lang='lat' dir='ltr'>a</span> 
     </span>
    </p>

    <p class='ocr_par' dir='ltr' id='par_1_5' title="bbox 330 4289 1457 4430">
     <span class='ocr_line' id='line_1_34' title="bbox 361 4289 1457 4355; baseline 0.001 -14"><span class='ocrx_word' id='word_1_256' title='bbox 361 4294 396 4355; x_wconf 71' lang='lat' dir='ltr'>(l)</span> <span class='ocrx_word' id='word_1_257' title='bbox 412 4293 445 4341; x_wconf 90' lang='lat' dir='ltr'>V.</span> <span class='ocrx_word' id='word_1_258' title='bbox 461 4291 610 4354; x_wconf 84' lang='lat' dir='ltr'>graphidas</span> <span class='ocrx_word' id='word_1_259' title='bbox 628 4292 656 4338; x_wconf 92' lang='lat' dir='ltr'>in</span> <span class='ocrx_word' id='word_1_260' title='bbox 674 4309 680 4338; x_wconf 74' lang='grc' dir='ltr'>ι</span> <span class='ocrx_word' id='word_1_261' title='bbox 697 4289 792 4338; x_wconf 74' lang='lat' dir='ltr'>Museo</span> <span class='ocrx_word' id='word_1_262' title='bbox 813 4290 850 4338; x_wconf 92' lang='lat' dir='ltr'>du</span> <span class='ocrx_word' id='word_1_263' title='bbox 867 4289 991 4351; x_wconf 75' lang='lat' dir='ltr'>Louna,</span> <span class='ocrx_word' id='word_1_264' title='bbox 1008 4289 1103 4349; x_wconf 86' lang='lat' dir='ltr'>Uffizi‚</span> <span class='ocrx_word' id='word_1_265' title='bbox 1120 4289 1223 4339; x_wconf 87' lang='lat' dir='ltr'>British</span> <span class='ocrx_word' id='word_1_266' title='bbox 1244 4289 1386 4352; x_wconf 85' lang='lat' dir='ltr'>Musoum,</span> <span class='ocrx_word' id='word_1_267' title='bbox 1401 4293 1457 4342; x_wconf 77' lang='lat' dir='ltr'>nt-</span> 
     </span>
     <span class='ocr_line' id='line_1_35' title="bbox 330 4369 801 4430; baseline -0.008 -8"><span class='ocrx_word' id='word_1_268' title='bbox 330 4374 447 4430; x_wconf 84' lang='lat' dir='ltr'>bertina,</span> <span class='ocrx_word' id='word_1_269' title='bbox 464 4371 580 4428; x_wconf 82' lang='lat' dir='ltr'>Oxford,</span> <span class='ocrx_word' id='word_1_270' title='bbox 595 4369 731 4427; x_wconf 87' lang='lat' dir='ltr'>Malcolm‚</span> <span class='ocrx_word' id='word_1_271' title='bbox 748 4375 801 4418; x_wconf 87' lang='lat' dir='ltr'>etc.</span> 
     </span>
    </p>

    <p class='ocr_par' dir='ltr' id='par_1_6' title="bbox 329 4447 1458 4596">
     <span class='ocr_line' id='line_1_36' title="bbox 361 4447 1458 4514; baseline -0.001 -15"><span class='ocrx_word' id='word_1_272' title='bbox 361 4453 394 4514; x_wconf 74' lang='grc'>(3)</span> <span class='ocrx_word' id='word_1_273' title='bbox 409 4456 475 4499; x_wconf 81' lang='lat' dir='ltr'>Tres</span> <span class='ocrx_word' id='word_1_274' title='bbox 493 4452 671 4509; x_wconf 74' lang='lat' dir='ltr'>Theolopales</span> <span class='ocrx_word' id='word_1_275' title='bbox 688 4451 821 4505; x_wconf 83' lang='lat' dir='ltr'>Virtutes,</span> <span class='ocrx_word' id='word_1_276' title='bbox 835 4459 897 4508; x_wconf 85' lang='lat' dir='ltr'>quae</span> <span class='ocrx_word' id='word_1_277' title='bbox 915 4447 1055 4508; x_wconf 85' lang='lat' dir='ltr'>majorem,</span> <span class='ocrx_word' id='word_1_278' title='bbox 1068 4447 1164 4495; x_wconf 87' lang='lat' dir='ltr'>nescio</span> <span class='ocrx_word' id='word_1_279' title='bbox 1179 4461 1238 4504; x_wconf 89' lang='lat' dir='ltr'>cnr,</span> <span class='ocrx_word' id='word_1_280' title='bbox 1248 4447 1359 4496; x_wconf 84' lang='lat' dir='ltr'>laudam</span> <span class='ocrx_word' id='word_1_281' title='bbox 1376 4451 1458 4512; x_wconf 85' lang='lat' dir='ltr'>apud</span> 
     </span>
     <span class='ocr_line' id='line_1_37' title="bbox 329 4525 1339 4596; baseline -0.004 -14"><span class='ocrx_word' id='word_1_282' title='bbox 329 4535 477 4596; x_wconf 84' lang='lat' dir='ltr'>plerosque</span> <span class='ocrx_word' id='word_1_283' title='bbox 494 4529 648 4588; x_wconf 76' lang='lat' dir='ltr'>obtinuero,</span> <span class='ocrx_word' id='word_1_284' title='bbox 665 4541 721 4576; x_wconf 90' lang='lat' dir='ltr'>non</span> <span class='ocrx_word' id='word_1_285' title='bbox 737 4527 827 4575; x_wconf 82' lang='lat' dir='ltr'>minus</span> <span class='ocrx_word' id='word_1_286' title='bbox 842 4525 951 4588; x_wconf 82' lang='lat' dir='ltr'>frigidae</span> <span class='ocrx_word' id='word_1_287' title='bbox 966 4531 993 4574; x_wconf 87' lang='lat' dir='ltr'>ot</span> <span class='ocrx_word' id='word_1_288' title='bbox 1008 4526 1184 4576; x_wconf 75' lang='lat' dir='ltr'>concinnatae</span> <span class='ocrx_word' id='word_1_289' title='bbox 1198 4526 1339 4578; x_wconf 76' lang='lat' dir='ltr'>videntur.</span> 
     </span>
    </p>
   </div>
   <div class='ocr_carea' id='block_1_4' title="bbox 0 0 1588 5152">
    <p class='ocr_par' dir='ltr' id='par_1_7' title="bbox 0 0 1588 5152">
     <span class='ocr_line' id='line_1_38' title="bbox 0 0 1588 5152; baseline 0 5"><span class='ocrx_word' id='word_1_290' title='bbox 0 0 1588 5152; x_wconf 95' lang='lat' dir='ltr'> </span> 
     </span>
    </p>
   </div>
  </div>
 </body>
</html>
