3160 5152
783 423 823 436 ...
844 387 881 450 72
903 423 943 439 ..-

307 516 664 600 consonamus
683 474 1024 600 romannorum
1048 533 1083 601 a
1106 525 1243 620 unque
1266 519 1432 602 meum

306 643 443 718 laboris
460 646 519 716 eui
538 645 693 735 praedem
714 645 872 718 Venetiae
882 651 1075 716 structores
1088 653 1254 736 precatur
1267 653 1308 718 ut
1318 647 1432 717 illum
1553 724 1554 734 Ν

307 760 346 832 in
367 760 653 833 tabulatiouibus
674 761 750 832 suis
770 760 949 851 excipiant
967 767 1001 832 et
1023 760 1145 834 sinant
1164 781 1274 834 noras
1295 761 1434 834 domus

307 876 456 968 picturis
485 877 638 948 illinere.
666 877 763 948 Nihil
786 875 1192 969 aliud‘requiritqudm
1218 878 1432 950 lelio-itatem

307 992 494 1084 pingendi,
516 994 677 1082 equitum
704 1008 859 1084 pugnam
879 992 918 1062 in
942 1000 1080 1065 vastum
1101 1001 1136 1066 ot
1155 1002 1318 1084 apertum
1340 1011 1431 1085 spa·

306 1109 396 1180 tium
414 1108 645 1188 immittendi,
669 1127 775 1199 quam
793 1109 910 1200 Magni
927 1107 1071 1179 Canalis
1090 1111 1220 1182 humor
1233 1111 1332 1182 brevi
1349 1128 1433 1182 ero·
1556 1129 1557 1132 ‘

305 1225 408 1296 serit.
431 1257 476 1276 --
502 1224 588 1297 Sine
608 1223 732 1304 dubio,
757 1241 923 1314 magnum
946 1223 1130 1314 ingenium
1158 1225 1195 1295 in
1224 1226 1292 1297 hoc
1320 1225 1434 1296 iniec-

307 1340 395 1412 ioris
410 1339 490 1412 'filio
509 1341 657 1420 eminet,
669 1346 709 1411 ct
722 1339 840 1411 febrili
856 1339 934 1428 ejus
951 1357 1058 1409 manu
1073 1339 1223 1411 Venetia
1240 1325 1431 1412 interdum
1555 1327 1557 1354 ¹

307 1455 395 1527 artis
420 1455 561 1526 culmen
582 1455 710 1545 attigit.
734 1453 803 1526 Sed
824 1460 986 1526 amentes
1008 1453 1072 1526 isti
1098 1455 1254 1544 impetus
1276 1473 1342 1527 nec
1361 1455 1429 1527 du·

221 1649 233 1670 .
306 1583 386 1644 ¹rare
413 1573 552 1652 valent,
587 1589 652 1642 nee
678 1571 895 1642 alimentum·
917 1569 1059 1641 firmum
1086 1571 1225 1642 artibus
1252 1570 1430 1662 praebere,

308 1686 470 1759 fulminis
486 1685 616 1759 ictibus
638 1685 781 1767 similis,
805 1685 938 1776 quibus
959 1693 1107 1776 pacatur
1129 1693 1338 1777 tempestas.
1360 1685 1433 1758 Ars
1555 1679 1557 1742 l

307 1802 347 1874 in
375 1803 436 1875 tali
464 1802 574 1874 febris
599 1809 695 1874 motu
722 1801 860 1893 integra
885 1819 1030 1873 manere
1055 1821 1128 1874 non
1152 1810 1268 1892 potest
1290 1826 1299 1874 :
1323 1821 1366 1874 ex
1387 1819 1432 1873 eo

310 1916 533 1991 eradendum
555 1923 621 1998 est,
643 1924 705 1988 aut
720 1915 958 2007 pereundum.
975 1917 1017 1987 lu
1034 1916 1113 2006 ipso
1128 1918 1340 2000 Tintoretto,
1359 1935 1434 1989 mc·
1550 1893 1557 1960 ,³

310 2032 429 2106 diocre
449 2039 484 2104 et
503 2033 699 2122 pessimum
721 2050 793 2103 nou
813 2029 932 2102 minirs
953 2030 1117 2103 miranda
1135 2040 1221 2104 suut
1239 2031 1347 2123 quam
1367 2051 1432 2122 op·
1556 2087 1557 2114 ,

309 2149 452 2221 timum.
475 2148 515 2219 ln
537 2146 787 2238 sequentibus,
814 2148 937 2218 omnia
958 2146 1204 2220 miscebuntur
1225 2172 1234 2218 ε
1257 2147 1350 2250 nillil
1370 2167 1433 2220 su·
1496 2159 1499 2164 ·

310 2262 443 2356 pererit
463 2263 559 2354 quod
577 2263 733 2336 mireris·

359 2379 486 2452 Veneti
515 2378 685 2470 quidem,
709 2384 749 2448 ut
775 2377 953 2459 diximus,
979 2395 1121 2468 semper
1144 2385 1282 2451 naturae
1308 2397 1433 2452 amore

309 2495 507 2567 salvantur.
528 2493 657 2566 Omnia
675 2493 863 2565 Tintoretti
882 2491 1028 2565 inventa
1047 2491 1186 2565 ardenti
1208 2493 1354 2566 veritate
1375 2511 1433 2566 re-

312 2608 490 2682 dundant.
523 2610 590 2682 Sed
623 2610 705 2701 quis
736 2609 817 2681 aliis
846 2607 1067 2694 artificibus,
1099 2609 1243 2700 ingenio
1272 2627 1345 2681 non
1380 2606 1432 2682 tta

312 2723 429 2795 vivido
450 2723 611 2814 praeditis
626 2732 662 2796 et
677 2723 864 2796 libidinem
885 2742 987 2795 suam
1008 2741 1051 2795 ex
1065 2724 1249 2796 voluntate
1266 2724 1433 2796 ducenti-

311 2837 402 2924 bus,
430 2837 601 2930 tanquam
626 2841 759 2920 Besso,
777 2837 971 2932 ignoscat?
995 2841 1078 2910 Haec
1101 2847 1155 2910 est
1181 2858 1278 2910 mera
1300 2839 1434 2912 mentis

314 2954 538 3026 temulentia.
566 2955 636 3026 Nec
663 2963 782 3027 lamen
811 2956 946 3027 Bessus
968 2954 1037 3026 iste
1061 2953 1113 3025 vir
1138 2952 1333 3026 admodum
1356 2974 1431 3026 me·

315 3068 446 3141 diocris
480 3069 569 3151 luit,
608 3072 741 3162 quippe
773 3071 836 3160 qui
870 3088 1047 3141 summam
1081 3069 1205 3142 contra
1236 3071 1433 3162 aequalium

315 3203 463 3257 suorum
489 3174 763 3257 admirationem
789 3185 940 3276 adeptus
961 3185 1020 3257 sit.
1046 3186 1307 3276 Philosophus,
1335 3185 1432 3259 litte·

316 3305 436 3382 ratus,
459 3300 654 3390 eloquens,
674 3301 853 3384 musicus,
873 3299 1106 3380 architectus,
1128 3301 1287 3391 sculptor
1305 3306 1339 3372 et
1359 3300 1434 3391 pic·

316 3418 384 3493 tor,
402 3414 584 3504 simulque
600 3414 844 3505 voluptatibus
860 3413 1003 3486 deditus
1018 3421 1053 3486 et
1066 3405 1263 3486 Bcnveuuti
1279 3414 1432 3500 amicus

314 3528 551 3619 multiplicem
581 3529 797 3603 industriam
833 3537 1032 3612 monstrat,
1068 3547 1149 3619 quae
1180 3537 1220 3601 ut
1247 3531 1284 3601 in
1318 3530 1436 3620 primd

245 3709 256 3730 ,
318 3645 579 3716 renascentium
606 3645 736 3717 artium
759 3652 882 3728 aetate,
910 3643 1078 3716 universa
1105 3643 1258 3718 videtur.
1288 3643 1360 3717 Sed
1381 3645 1435 3716 vis

317 3757 380 3831 illa
410 3759 549 3832 febrilis
584 3768 619 3833 ct
643 3759 783 3851 aliquid
816 3759 981 3832 morbida
1006 3777 1050 3832 ex
1079 3759 1263 3832 intellectu
1290 3777 1434 3832 exacer-

317 3873 401 3947 bato
426 3876 571 3962 oritur„
588 3877 690 3966 cujus
717 3895 828 3968 opus,
852 3872 1038 3964 nuuqudm
1065 3873 1264 3947 auxiliante
1287 3873 1433 3955 auimo,

318 3989 459 4061 aridum
490 3991 633 4063 alsine
664 3990 765 4081 poesi
797 3992 920 4062 haeret.
955 3985 1189 4062 Tumultuos'c
1219 3995 1436 4081 praetereunt

320 4103 518 4194 specierum
539 4124 729 4178 vacuarum
749 4113 784 4178 et
804 4104 1010 4198 trigidarum
1032 4104 1163 4186 series,
1186 4103 1362 4196 imagines
1381 4104 1433 4176 la·

319 4217 1434 4311 brioniaeauimemoratae‚nuuquamsentitae‚quaecorporeum

320 4342 457 4407 tantum
480 4335 666 4427 vestigium
687 4337 724 4406 io
747 4335 895 4409 artilicis
915 4335 1059 4408 cerebro
1079 4341 1113 4406 et
1136 4335 1172 4406 in
1197 4335 1435 4426 spectantium

321 4451 433 4523 oculis
469 4451 692 4545 relinquunt.
725 4453 821 4524 Nihil
852 4453 926 4543 jaro
961 4458 1125 4542 superest
1157 4451 1229 4524 nisi
1263 4451 1370 4524 lineae
1403 4457 1436 4523 et
