3176 5152
608 456 646 468 ..
669 424 705 484 27
728 457 767 468 .-

24 549 29 610 ἶ
128 578 379 650 corporearum
398 561 597 650 specierum
619 560 774 632 maxime
796 560 973 644 curiosus,
995 566 1030 632 et
1047 560 1247 632 vehementi

24 683 26 704 ³
128 693 286 745 necnon
313 682 346 746 at
366 675 567 746 truculento
588 675 756 766 penicillo
779 677 994 760 instructus,
1018 693 1115 747 mero
1143 677 1247 747 intel-

129 789 240 860 lectus
266 790 376 860 cultui
407 788 571 862 addictus
601 792 660 861 sit.
692 790 747 860 llli
781 791 904 861 formae
932 791 1101 875 scientia,
1132 797 1172 862 ut
1198 789 1248 862 ita

29 954 37 960 -
128 903 262 984 dicam,
291 924 361 976 non
388 905 510 977 formae
535 924 664 977 sensus
690 907 797 976 inest.
826 906 1014 996 Corporeis
1040 905 1245 990 affectibus,

24 1055 26 1082 2
129 1038 202 1090 non
222 1023 380 1110 corporis
398 999 554 1092 motibus
571 1021 764 1093 detinetur.
789 1020 880 1092 Raro
907 1019 1122 1110 «liguram»
1147 1039 1248 1111 sepa·

129 1136 234 1206 ratim
256 1144 290 1206 et
311 1136 348 1207 in
369 1155 407 1208 se
427 1137 506 1226 ipsa
531 1137 748 1226 pingendam
775 1136 929 1207 libenter
952 1141 1093 1220 tractat,
1117 1135 1247 1225 speciei

24 1295 26 1298 -
129 1250 391 1341 significatione
412 1249 565 1323 maximia
580 1251 779 1322 devinctus.
799 1252 871 1323 Etsi
894 1249 999 1342 longe
1015 1251 1060 1322 ab
1077 1251 1247 1342 Hispanis

120 1366 236 1449 absit,
265 1385 337 1437 non
351 1365 461 1438 ‘secus
483 1386 523 1437 ac
541 1368 752 1456 Volazquen,
775 1366 987 1437 acerrimum
1009 1384 1047 1436 se
1070 1383 1248 1456 corporeae
1338 1436 1341 1442 ,

130 1482 288 1553 veritatis
308 1490 502 1554 amatorem
521 1483 668 1573 praebet,
687 1482 750 1553 sed
768 1483 875 1552 aliam
896 1500 938 1553 en
958 1484 999 1552 ea
1015 1472 1245 1572 voluptatem,

24 1595 25 1598 ’
129 1595 345 1679 intellectis,
368 1617 441 1668 non
463 1599 606 1679 sensus,
626 1599 769 1689 excipit.
793 1597 1060 1687 cupiditatibus
1081 1597 1118 1667 in
1142 1615 1248 1687 opere

130 1731 196 1784 suo
216 1712 355 1798 affictio,
375 1712 704 1790 vehementissime,
724 1733 838 1803 usque
855 1712 899 1783 ad
916 1713 1245 1804 amplificationem,

130 1836 391 1914 commovetur,
422 1837 456 1900 et
486 1829 638 1910 iormas,
673 1829 805 1919 quibus
834 1829 905 1900 illae
936 1847 1115 1919 expressae
1138 1834 1245 1910 sunt,
1365 1855 1367 1860 ·
1407 1806 1410 1812 ’

130 1943 302 2033 tanquam
323 1944 426 2035 signa
450 1941 643 2016 admodum
667 1951 788 2015 exacta
809 1945 1049 2033 persequitur.
1077 1945 1249 2022 Sermone

24 2139 25 2144 Ν
132 2060 300 2148 praeclaro
325 2060 433 2130 simul
454 2069 488 2132 et
509 2077 589 2131 vero
615 2059 739 2142 utitur,
766 2059 897 2130 mentis
923 2077 998 2130 suae
1017 2059 1191 2148 imagine,
1215 2064 1250 2129 et

131 2173 309 2264 quidquid
330 2175 446 2247 dicere
472 2177 564 2255 vult,
591 2175 670 2246 sine
690 2175 915 2246 dubitatione
940 2182 974 2246 et
996 2192 1116 2245 errore
1141 2173 1246 2256 dieit;

131 2291 193 2380 qui
211 2301 328 2362 autem
346 2309 480 2382 sermo,
503 2310 567 2363 uec
583 2291 740 2362 blandus
762 2291 938 2380 nequead
960 2307 1089 2362 sensus
1108 2307 1251 2360 conver-

131 2425 207 2490 sus
230 2407 276 2478 ob
292 2407 328 2478 id
346 2425 456 2477 unum
479 2407 523 2478 ad
542 2407 648 2478 rerba
665 2413 799 2496 spectat
820 2407 915 2496 qudd
934 2407 1004 2476 ista
1024 2403 1249 2496 cogitationis
1337 2453 1339 2458 ,

130 2522 284 2611 speciem
306 2521 343 2591 in
372 2540 411 2592 se
436 2521 567 2592 ierunt.
596 2521 779 2592 Mantiniae
800 2519 942 2591 demum
973 2539 1031 2591 ars
1056 2517 1248 2610 hujusdem

129 2635 269 2707 ordinis
290 2643 471 2726 astatque
497 2637 645 2708 Cartesii
666 2643 728 2707 aut
749 2637 923 2720 Pascalis,
954 2643 1015 2706 aut
1034 2636 1186 2723 alicujus
1207 2653 1249 2705 ex

131 2750 337 2823 fortissimis
357 2753 430 2822 illis
458 2751 542 2822 viris
570 2753 632 2842 qui
662 2752 825 2822 scribunt
853 2760 890 2822 ut
915 2749 1055 2842 aliquid
1081 2750 1247 2830 ederant,

132 2886 197 2939 nec
220 2860 467 2940 tantummodo
492 2875 529 2940 ut
552 2869 721 2939 scribant.
752 2870 817 2939 :trs
844 2868 906 2938 illa
927 2867 1144 2938 doctissimae
1165 2883 1250 2954 quo·

131 3001 202 3073 que
240 2983 385 3056 musicae
423 2991 625 3074 comparata
659 2983 744 3069 luit;
778 2983 954 3054 nonnulla
988 2983 1083 3054 enim
1117 2979 1245 3052 simili·
1312 3073 1313 3076 Ἴ

134 3097 218 3169 tudo
241 3107 388 3190 apparet
414 3099 508 3170 inter
534 3098 742 3188 buJ'usmodi
772 3099 945 3188 picturam
969 3099 1120 3188 graviter
1140 3097 1246 3168 rebe-

24 3197 26 3202 '
132 3221 309 3294 mentem,
331 3222 366 3285 et
385 3221 551 3287 accentus
572 3214 775 3285 sebastiani
798 3214 888 3285 Baclr
909 3217 1035 3307 μέλους,
1058 3212 1248 3302 inquibus

130 3336 255 3400 auctor
273 3330 517 3401 dissonantias
537 3330 725 3420 quasdam,
751 3331 873 3420 peritis
891 3338 1017 3400 nostrae
1041 3329 1156 3400 aetatis
1177 3335 1248 3397 tam

129 3452 262 3536 gratas,
285 3453 412 3536 sponte
430 3448 496 3517 sua
516 3445 679 3535 requirit,
704 3444 835 3516 nedum
858 3445 1076 3517 reiormidet.
1098 3445 1167 3514 Nos
1188 3462 1250 3512 au·

131 3569 202 3632 tem
229 3561 299 3631 alia
325 3569 443 3633 mente
464 3581 504 3632 ac
531 3568 664 3632 veteres
694 3560 849 3632 artifices
880 3560 923 3631 de
951 3559 1247 3649 rejudicamus:

24 3685 26 3688 ’
131 3677 296 3766 voluptas
318 3684 439 3747 nostra
459 3677 601 3747 luxuria
617 3676 771 3765 quadam
789 3676 924 3746 cerebri
942 3675 1080 3745 imbuta
1097 3673 1247 3754 videtur,

131 3792 217 3863 drrm
250 3792 451 3863 sebastiani
481 3791 571 3862 Bacb
599 3798 661 3862 ant
684 3792 835 3862 Andreae
859 3791 1043 3862 Mantiniae
1065 3788 1251 3860 delectatio
1335 3881 1338 3887 Ι

130 3907 300 3979 subtilem
329 3905 531 3980 intellectus
561 3905 774 3978 industriam
805 3907 953 3978 redolet.
981 3906 1053 3976 Nos
1080 3903 1250 3974 rariorem

89 4041 93 4045 ·
131 4040 303 4095 sonorum
337 4023 598 4095 concinentiam
633 4023 828 4112 quaerimus
867 4021 938 4110 qua
975 4038 1079 4091 aures
1119 4025 1282 4120 nostrae*

131 4137 373 4219 oblectantem
397 4138 450 4208 illi
478 4136 733 4218 rationalibus,
757 4145 796 4206 ut
814 4135 864 4206 ita
884 4134 1020 4213 dicam,
1043 4132 1195 4214 deliciis,
1213 4137 1253 4203 'et

131 4254 237 4342 quasi
258 4253 508 4325 mathematico
527 4252 656 4342 gaudio
676 4253 856 4321 fruuntur.

183 4363 311 4438 Verum
333 4369 408 4439 baec
426 4387 495 4438 non
516 4368 658 4457 propria
679 4365 915 4455 quorumdam
934 4363 1039 4436 modo
1057 4363 1248 4446 artificum,

131 4480 196 4553 sed
224 4482 390 4554 universa
421 4483 536 4574 ipsius
562 4481 669 4552 italici
702 4481 836 4572 ingenii
867 4487 952 4552 nota
978 4487 1044 4552 est.
1080 4478 1251 4551 Dictitant
