3176 5152
577 1341 721 1416 Cluur
744 1343 807 1415 ΙΙΙ.

430 1631 476 1684 ΒΕ
499 1629 682 1684 tuinultum
708 1629 948 1684 minutioris.

23 1987 24 1990 Ν
184 1895 219 1967 Si
236 1896 281 1969 ad
300 1897 399 1968 illam
420 1896 665 1987 liicbelangeli
685 1895 897 1968 modestiam
915 1897 1142 1978 revolvimur,
1162 1897 1249 1988 quid
1281 1863 1283 1868 Ι

23 2011 25 2074 i
135 2010 178 2081 de
206 2011 465 2102 posterioribus
495 2021 529 2084 et
556 2011 709 2102 exempli
732 2011 845 2101 gratie
871 2010 915 2083 de
939 2012 1007 2084 isto
1034 2014 1249 2104 Hieronymo

23 2125 25 2186 L
135 2127 326 2198 Trevisauo
354 2127 393 2220 (†
425 2126 529 2219 itit)
560 2125 797 2210 censendum,
825 2127 886 2216 qui
915 2129 1043 2200 Perino
1071 2129 1128 2200 del
1156 2130 1250 2219 Vaga

23 2237 24 2240 '
137 2241 252 2314 dicere
271 2243 427 2314 sustinet
449 2267 457 2313 :
485 2244 593 2315 ‹Cbe
613 2244 747 2313 cantoni
769 2261 788 2313 e
808 2261 880 2313 nou
899 2242 1059 2315 cantoni?
1077 2243 1125 2325 io,
1148 2243 1182 2315 io
1203 2244 1250 2315 bo

23 2355 25 2412 ῗ
136 2356 235 2428 l’arte
254 2376 297 2428 su
320 2357 352 2428 ia
372 2364 484 2447 puuta
504 2357 560 2429 del
579 2358 761 2449 peuuello.
783 2384 799 2421 ›

23 2469 24 2476 '
183 2472 279 2543 Talis
301 2479 355 2544 est
376 2473 481 2544 istius
501 2473 616 2545 aetatis
641 2491 756 2544 meus,
778 2473 948 2544 Veserius
970 2472 1125 2544 scribere
1144 2473 1266 2546 audet⁴

24 2673 25 2678 Ἰ
141 2585 189 2679 (lu
215 2587 424 2678 praelatione
449 2587 560 2660 tertiae
584 2587 705 2678 operis
726 2585 848 2679 partis)
876 2612 884 2658 :
911 2590 1021 2658 «iarn
1044 2607 1139 2659 nuuc
1158 2597 1252 2661 ortes

24 2771 25 2798 ζ
137 2701 332 2773 adtentum
355 2703 605 2792 perfectionem
623 2711 751 2774 evectae
766 2710 852 2774 suut
872 2711 923 2780 ut,
942 2700 1026 2775 ditm
1048 2703 1252 2793 superiores

24 2813 26 2824 '
138 2819 249 2889 nostri
275 2818 432 2890 tabulam
453 2838 561 2890 unam
585 2817 679 2890 intre
698 2838 758 2890 sex
781 2838 896 2891 anuos
916 2819 1080 2899 ederent,
1103 2838 1168 2891 nos
1189 2839 1250 2892 ser

24 2999 26 3006 .
137 2933 277 3004 tabulas
298 2951 370 3004 uuo
391 2952 486 3004 auno
506 2933 740 3004 absolvimus.
765 2935 838 3005 Hoc
856 2934 1001 3024 quidem
1025 2935 1144 3006 testari
1167 2954 1250 3026 pos·

24 3033 25 3038 ‘
138 3065 230 3128 sum,
261 3048 346 3137 quia
373 3055 408 3119 ot
433 3047 509 3119 lieri
538 3048 610 3119 vidi
638 3054 672 3120 et
700 3048 777 3120 ieci.
807 3046 909 3133 Quod
941 3047 1109 3140 fingimus
1142 3050 1252 3122 mullb

24 3147 25 3190 ³
138 3162 295 3234 erectius
315 3168 349 3233 et
368 3162 558 3253 perfectius
577 3170 631 3234 est
652 3160 759 3252 quim
781 3163 1054 3253 predicatorum
1078 3164 1251 3255 pictorum

26 3315 27 3318 κ
138 3293 245 3368 opera
265 3277 427 3368 quiante
446 3295 514 3348 nos
533 3284 707 3348 uenerunt
728 3274 792 3369 (l).
815 3303 831 3340 ›

167 3513 225 3574 (llo
242 3513 274 3560 in
294 3511 441 3576 pingendis
457 3513 563 3574 capillis
580 3512 741 3562 Leonardus
761 3513 908 3574 aliquoties
926 3525 974 3561 sorr
995 3527 1082 3562 onnus
1106 3527 1253 3564 consume·

25 3587 27 3592 '
139 3591 197 3650 bat3
214 3590 365 3653 corregius
380 3595 471 3639 autom
487 3593 581 3640 boram
597 3605 690 3650 uuam,
704 3596 731 3640 et
747 3597 867 3653 quatuor
877 3591 1000 3653 penicilli
1013 3592 1114 3640 ictibus
1128 3593 1254 3642 cumdem

139 3671 238 3719 tebulae
254 3670 416 3732 adspectum
431 3671 583 3719 obtinebat.
600 3685 612 3715 u
629 3670 752 3732 (Bornini
769 3673 845 3732 Diar,
860 3669 918 3732 XX,
933 3671 998 3732 453.)

169 3751 286 3800 Peridus
302 3750 346 3798 del
362 3749 447 3812 Vaga,
461 3751 676 3799 venustissimus
690 3751 835 3814 iiaplraelis
848 3750 1010 3813 discipulus,
1022 3751 1051 3798 in
1067 3753 1127 3801 ortt
1139 3753 1255 3803 Floren-

139 3830 190 3879 lieo
207 3829 408 3892 disputatione,
424 3843 485 3878 sose
501 3830 637 3880 Masaucio
654 3844 765 3893 aequoro
781 3831 873 3888 audet,
890 3831 940 3880 etsi
957 3831 1067 3880 sibimet
1085 3833 1112 3879 in
1132 3839 1189 3882 arto
1206 3836 1256 3883 sua

26 3957 27 3960 ,
138 3909 250 3958 minimd
265 3909 394 3971 princeps
406 3909 543 3964 videatur,
555 3923 607 3959 nec
622 3910 758 3959 modestia
773 3924 867 3960 carere
877 3917 956 3973 putat
966 3924 1051 3972 quum
1064 3911 1116 3958 sibi
1129 3911 1256 3960 eumdem
1325 3914 1335 3934 '

26 4021 27 4026 ,
139 4001 168 4036 ae
181 3988 321 4038 Masaucio
339 3989 403 4037 ritae
425 4003 537 4038 sensum
552 3989 664 4048 tribuit,
687 4003 749 4037 cum
770 3992 872 4051 majore
891 3990 973 4037 etiarn
994 3989 1137 4048 firmitate,
1153 3996 1180 4038 et
1195 3990 1256 4038 uliis

26 4073 28 4132 j
139 4067 250 4116 dotibus
266 4080 328 4129 quae
345 4067 537 4129 suporioribus
552 4068 676 4116 deerant,

167 4147 288 4196 Maxime
303 4151 394 4195 autem
408 4153 484 4209 patet
500 4149 632 4210 quantum
649 4148 712 4196 duae
728 4154 824 4197 aetates
838 4149 910 4197 inter
925 4161 954 4196 se
970 4149 1062 4196 animo
1078 4148 1216 4210 differant,
1233 4149 1256 4198 si

139 4225 255 4276 tristiori
270 4225 463 4287 Micbelaugeli
479 4225 593 4273 carmini
610 4227 749 4288 (superius
765 4227 940 4287 memorato),
956 4228 1083 4276 exultans
1098 4227 1166 4275 illud
1183 4227 1257 4277 Ben-

139 4307 234 4354 vonuti
250 4304 361 4355 Cellinii
380 4317 504 4360 carmen.
523 4303 736 4354 Commentariis
752 4307 810 4367 ejus
826 4305 1021 4367 praepositum,
1042 4319 1233 4368 comparemus
1250 4322 1256 4357 :

73 4422 75 4430 ,
168 4402 179 4432 r
199 4385 277 4434 lianc
293 4386 431 4433 turbatam
446 4383 531 4432 vitam
546 4384 695 4446 descripsi,
713 4390 743 4432 ut
760 4385 818 4432 lieo
834 4389 941 4432 naturae
957 4384 1059 4446 gratias
1072 4397 1194 4446 agerem,
1211 4382 1257 4444 qui

27 4497 28 4506 κ
139 4467 205 4514 mibi
220 4467 305 4514 vitam
323 4471 350 4513 ot
366 4462 444 4511 dedit
459 4471 486 4511 ot
501 4464 617 4514 curavit.
632 4464 748 4514 Diversa
764 4465 836 4512 anim
852 4469 879 4512 et
895 4464 986 4526 magni
1002 4464 1133 4512 momenti
1147 4464 1259 4526 incepta

27 4521 28 4590 Ῐ
140 4546 246 4610 peregi,
263 4550 290 4594 at
305 4546 382 4595 viro.
397 4567 428 4578 -
444 4541 555 4593 Saevum
569 4543 635 4592 olim
648 4544 734 4592 iatum
750 4545 834 4592 vitam
851 4557 937 4592 muam
958 4543 1165 4592 discriminibus
1180 4557 1257 4592 com-

1080 4625 1098 4683 4
1161 4673 1164 4680 .
