3176 5152
843 430 1002 490 „18-

364 563 470 655 quam
496 565 663 656 frigidum
681 572 715 637 at
733 564 1044 646 declamatorium,
1067 585 1141 657 prae
1159 565 1294 638 oaetoris
1317 563 1475 655 ejusdem

363 681 548 770 operibus
572 680 730 753 videtur!
755 681 901 753 bisterti
922 689 1061 772 gestae,
1080 682 1310 772 iactantiores
1334 681 1477 752 babitus

363 797 448 882 oris,
470 797 642 869 obsoleta
662 805 696 868 et
714 799 874 888 vulgares
896 797 1038 888 figuram
1059 805 1152 868 reeta
1173 797 1317 887 quidem
1339 815 1478 886 rompo-

363 912 458 996 sitio,
484 919 687 1002 computato
710 919 992 1003 temperamento
1017 912 1157 993 librata,
1180 920 1214 984 et
1235 912 1331 1003 gravi
1348 907 1478 984 'nume-

363 1047 517 1119 rosoque
538 1036 636 1100 motu
661 1028 852 1109 adstr·ieta;
878 1028 1022 1100 tandem
1050 1031 1272 1118 propositum
1297 1021 1491 1118 quoddam

363 1143 588 1234 proscenium
611 1145 648 1214 in
668 1163 738 1234 quo
762 1152 949 1218 versantur
972 1143 1189 1215 nobilissimi
1221 1151 1375 1228 autores,
1405 1162 1476 1215 non

362 1267 479 1330 autem
501 1261 720 1351 Evangelioae
740 1279 920 1350 personae,
944 1279 1061 1350 neque
1085 1261 1191 1332 otiam
1216 1260 1298 1331 ullae
1321 1259 1477 1332 viventes

362 1392 538 1464 personae.
561 1415 608 1426 -
628 1377 667 1444 ln
696 1375 844 1454 eximii,
870 1394 912 1446 ex
938 1372 1156 1467 Officiorom
1185 1393 1320 1446 musaeo
1349 1371 1472 1465 (Uffizi)

362 1488 552 1580 desumpta
580 1491 769 1580 grapbitle
799 1510 880 1580 quae
909 1492 1034 1582 longos
1065 1499 1231 1572 conatus,
1261 1509 1332 1561 non
1358 1497 1475 1560 autem

362 1605 471 1676 studii
491 1604 613 1688 linem,
633 1607 793 1691 resumit,
817 1607 980 1696 quamvis
996 1606 1119 1679 eadem
1141 1603 1212 1678 fere
1232 1606 1326 1676 adsit
1346 1606 1477 1678 tabulae

362 1740 514 1804 summa,
539 1729 675 1806 tamen,
698 1723 736 1792 in
757 1729 914 1794 aetorum
936 1723 1074 1814 speeie,
1094 1722 1216 1813 Junior
1236 1721 1394 1801 animus,
1415 1741 1476 1791 au-

361 1829 514 1918 dentior,
537 1857 577 1908 ae
593 1838 743 1909 solutior
758 1839 903 1910 eminet.
924 1825 1029 1910 Deest
1047 1836 1133 1910 sao'e
1149 1838 1303 1928 insignis
1320 1837 1476 1908 vultibus

301 1970 302 1973 ’
361 1951 595 2042 signifieati0;
621 1961 656 2024 at
683 1956 830 2038 saltem,
853 1954 889 2024 in
918 1954 1095 2044 discipulo
1123 1955 1186 2044 qui
1211 1954 1344 2024 Christi
1375 1971 1477 2023 crura

316 2149 323 2160 .
361 2068 540 2152 sublevat,
575 2069 695 2141 neseio
729 2069 817 2160 qrrid
847 2089 966 2142 verum
1000 2089 1041 2142 ao
1072 2071 1247 2142 familiare
1281 2067 1474 2160 percipies,

361 2182 457 2271 quod
475 2182 606 2255 frustra
623 2184 660 2255 in
679 2186 879 2256 truoulento
900 2186 1031 2257 tabulae
1051 2187 1185 2256 athleta
1207 2185 1404 2274 perquiras.
1428 2183 1478 2254 llo

360 2299 556 2387 praesertim
583 2301 704 2385 bomo,
726 2301 794 2372 sub
815 2301 972 2391 pondere
992 2301 1103 2372 divini
1126 2300 1284 2390 eorporis
1304 2299 1474 2380 inflexus

361 2413 518 2486 dolorem
540 2434 646 2486 suum
667 2416 868 2494 vehementi
889 2424 923 2488 et
948 2417 1058 2488 liberi
1082 2416 1269 2488 iracundia
1288 2414 1473 2504 exprimit,

360 2549 453 2619 uuae,
469 2532 622 2621 perfeeto
638 2551 757 2622 opere,
773 2533 809 2603 in
831 2533 925 2623 piam
944 2551 1157 2624 gravemque
1173 2532 1473 2622 deprecationem,

360 2646 464 2716 Guidi
501 2650 758 2737 praenuntiam,
792 2649 1054 2720 immutabitur.
1088 2649 1146 2719 Sio
1181 2647 1306 2718 ultima
1338 2654 1475 2717 naturae

276 2745 279 2750 ’
360 2762 507 2851 vestigia
523 2763 559 2832 iu
577 2765 730 2834 transitu
750 2783 791 2835 ex
808 2765 1082 2837 adumbratione
1102 2764 1148 2834 ad
1164 2765 1292 2853 piotam
1316 2761 1474 2833 tabulam

359 2885 593 2959 evanescunt,
618 2919 664 2928 -
692 2887 730 2950 ut
755 2881 915 2951 omittam
940 2878 1058 2952 adbuc
1077 2881 1175 2950 illam
1201 2877 1330 2949 sensus
1350 2877 1418 2946 vim
1441 2883 1476 2949 et

360 2992 551 3080 ingenuom
569 2977 774 3075 novitatem,
795 3015 875 3085 quae
887 2992 1099 3085 Jamdudirm
1118 2993 1274 3066 meroide
1290 3001 1344 3064 est
1362 3011 1473 3083 quum

359 3109 484 3179 artifex
505 3108 550 3180 ad
568 3109 846 3182 delineationem
867 3110 1013 3181 aceedit.

408 3225 510 3309 Quod
531 3225 676 3313 quidem
694 3225 871 3315 provideri
892 3224 1058 3297 facillime
1076 3233 1238 3316 poterat:
1264 3252 1279 3289 ‹
1298 3223 1474 3309 Quaelibet

359 3339 454 3410 enim
482 3339 650 3422 seientia,
680 3359 744 3410 seu
772 3342 988 3424 anatomioa,
1021 3360 1085 3413 seu
1112 3339 1390 3430 scenograpbioa
1412 3346 1475 3409 aut

359 3453 584 3545 geometrica,
601 3452 787 3543 nunquam
805 3455 944 3526 bomini
956 3456 1158 3527 facultatem
1172 3454 1272 3525 dabit
1287 3453 1472 3524 divinandi

359 3569 477 3659 qualis
502 3587 581 3639 esse
608 3576 641 3640 et
666 3570 846 3658 quomodo
872 3589 1044 3661 apparere
1070 3589 1126 3642 res
1151 3569 1314 3660 quaedam
1335 3568 1471 3651 debeat,

285 3756 295 3775 ,
359 3685 388 3755 si
410 3702 486 3754 eam
508 3684 625 3772 qualis
645 3695 705 3763 est,
727 3692 762 3756 et
779 3685 896 3775 qualis
917 3684 995 3757 verb
1014 3679 1178 3776 apparet,
1201 3686 1301 3775 prius
1318 3685 1380 3756 ille
1400 3705 1472 3757 noo

358 3799 485 3870 viderit
510 3796 571 3890 (l).
601 3825 615 3860 r
644 3799 705 3869 lsti
726 3798 806 3870 verb
826 3800 977 3889 pictores
999 3801 1176 3890 imprimis
1199 3807 1366 3889 quaerunt
1386 3800 1473 3889 quid

357 3915 582 4005 generaliter,
604 3911 800 3985 seeundum
818 3932 1004 4002 corporum
1024 3917 1274 3985 etaoimorum
1292 3921 1471 3993 naturam,

357 4029 485 4098 rteoeof.
515 4029 771 4118 Argumentum
801 4031 919 4118 operis
947 4049 1019 4100 non
1047 4049 1087 4100 ex
1116 4030 1329 4120 eogitatione
1361 4029 1475 4099 liberti

253 4184 255 4186 ·
358 4163 422 4215 nee
461 4139 596 4234 poetioo
627 4145 797 4216 instinctu
831 4154 1058 4237 exspectant,
1091 4147 1153 4218 sed
1185 4143 1308 4218 oootr'a
1336 4145 1473 4235 speeies

357 4261 468 4332 menti
488 4261 611 4332 obvias
631 4258 769 4332 euriose
788 4245 1073 4352 reprehendunt,
1101 4268 1369 4351 perscrutantes
1385 4256 1473 4332 oium

388 4525 420 4585 (1)
435 4523 507 4572 Jobn
527 4522 647 4582 nostin,
663 4523 853 4583 L'Estbetique
869 4525 1009 4582 aemalae,
1026 4537 1075 4585 par
1092 4523 1115 4572 J.
1133 4523 1250 4572 Milsand
1270 4522 1373 4585 (Paria,
1392 4521 1473 4582 1864).
