3176 5152
823 385 983 447 ..tq-

338 526 392 597 illi
404 525 838 616 saepissimesulatilitasct
850 521 920 595 forle
931 522 1125 596 admodum
1138 522 1376 614 intelligentia
1391 518 1456 615 (l).

340 644 426 728 Quae
452 640 633 732 depingit,
655 641 702 711 oh
731 639 768 710 id
796 657 907 710 unum
938 639 1035 730 eligit
1065 639 1162 731 quod
1191 672 1203 696 ‹-
1235 639 1384 729 pulchra
1414 636 1459 708 sit

340 774 462 827 eorum
484 756 639 846 species,
668 783 683 818 »
719 763 758 826 nt
786 754 1066 844 inquisitoribus
1096 753 1289 845 respondet
1313 751 1457 843 quando

340 873 376 942 ln
395 873 454 962 jus
475 872 518 943 de
543 871 676 941 scurris
699 878 732 940 et
752 869 971 940 animalibus
995 870 1032 940 in
1054 870 1201 942 Coenam
1217 869 1376 940 divinam
1404 869 1458 938 in·
1491 965 1492 968 Ἴ

339 987 517 1060 tramissis
538 995 681 1056 vocatur
705 982 751 1077 (I)
776 1010 784 1055 :
821 1013 835 1048 a
859 987 894 1057 lo
917 985 1010 1056 lanzo
1038 984 1071 1057 lc
1098 987 1230 1076 pitture
1251 1004 1316 1056 oon
1338 984 1458 1076 quella

339 1102 608 1175 corasideraoiou
640 1103 704 1172 olle
737 1098 1034 1181 accumulante,
1064 1101 1152 1172 clr’el
1182 1100 1254 1172 mio
1282 1099 1458 1171 intelletto

340 1218 411 1310 pud
431 1218 560 1308 capire.
584 1245 599 1280 »
625 1256 672 1268 -
697 1246 712 1279 α
737 1218 853 1302 Quum
876 1217 913 1286 in
936 1216 1059 1287 tabula
1080 1216 1257 1306 quadam,
1278 1215 1345 1300 ait,
1367 1215 1456 1285 milri

340 1335 495 1425 spatium
515 1332 663 1422 aliquod
688 1338 868 1423 superest,
898 1333 964 1403 lroo
983 1333 1139 1404 inventis
1168 1332 1291 1422 figuris
1311 1349 1415 1402 orno.
1439 1357 1453 1393 ›

339 1487 387 1502 -
401 1447 497 1520 Nihil
516 1449 627 1538 magis
643 1448 688 1518 alt
708 1448 888 1518 intellectu
910 1448 1083 1532 alienum,
1105 1465 1169 1519 neo
1186 1447 1378 1518 florentino
1399 1453 1460 1516 aut

342 1583 488 1636 romano
522 1564 666 1654 iugenio
694 1563 1059 1653 repugnamus.·seu
1085 1563 1122 1633 in
1151 1563 1213 1634 illo
1239 1562 1359 1634 omnia
1386 1567 1456 1632 tam

337 1680 511 1770 juvenilia
532 1687 628 1758 sunt,
654 1677 767 1749 nitida
787 1677 893 1748 simul
915 1687 949 1749 et
970 1678 1110 1768 quieta,
1136 1686 1206 1749 tam
1230 1679 1385 1768 ingenua
1405 1683 1459 1748 est

342 1795 464 1867 laetitia
485 1803 520 1866 et
539 1793 599 1864 tali
621 1793 701 1863 rita
721 1811 842 1865 amoro
867 1792 1027 1872 imbuta,
1058 1799 1096 1865 ut
1121 1792 1158 1865 in
1185 1793 1254 1864 hoo
1279 1792 1395 1864 fucato
1425 1798 1459 1864 et

341 1917 527 1982 veternoso
545 1916 716 1999 tempore,
736 1907 837 1980 facilia
859 1909 1024 2000 princeps
1046 1891 1222 1981 videatur.

312 2072 314 2077 -
389 2026 428 2096 In
450 2025 608 2108 summat,
632 2025 817 2096 Vecellani
846 2023 934 2095 IIVIi
963 2025 1084 2096 saeculi
1112 2025 1264 2096 salutem
1284 2043 1385 2095 suam
1416 2043 1457 2095 eu

340 2139 479 2211 ardenti
504 2147 640 2211 naturae
664 2140 760 2210 cultu
780 2139 951 2211 educunt.
981 2136 1130 2211 Domum
1154 2147 1272 2210 tamen
1294 2138 1456 2210 florenti·

341 2273 410 2327 nus
429 2253 630 2326 intellectus
654 2255 815 2325 ultimam
840 2255 937 2325 illam
958 2273 1074 2327 arcem
1104 2254 1258 2335 invadit,
1283 2263 1319 2326 et
1337 2255 1458 2324 Tinto-

341 2377 453 2442 rettus
479 2369 727 2461 Illiclrolangeli
757 2370 913 2440 animam
941 2371 978 2440 in
1007 2377 1118 2440 artem
1148 2367 1287 2441 tamdiu
1319 2369 1457 2442 veritati

341 2484 408 2555 soli
427 2483 605 2556 addictam
627 2482 873 2556 infelicissime
894 2485 1068 2556 immittit.

388 2599 603 2673 Iamdudum
626 2609 762 2674 caeterae
782 2602 893 2674 Italiae
913 2609 1030 2691 partes
1046 2600 1202 2674 subditae
1222 2610 1320 2674 sunt.
1342 2601 1459 2690 mque

340 2712 390 2785 ita
409 2715 569 2786 scientiae
588 2715 725 2794 studia,
747 2712 958 2786 anatomiam
979 2714 1164 2798 notiones,
1186 2715 1336 2787 rationis
1353 2715 1457 2788 inda-

340 2830 515 2921 gationes.
533 2831 759 2921 antiquitatis
775 2839 809 2902 et
824 2831 1072 2921 praestantium
1089 2831 1263 2921 pictorum
1281 2832 1458 2922 exempla,

340 2943 529 3036 discipulis
548 2965 569 3016 a
588 2947 710 3017 sollola
730 2947 918 3036 imposita.
943 2955 1069 3019 cuncta
1096 2947 1139 3017 ad
1163 2947 1377 3019 abolendam
1399 2946 1459 3018 de-

341 3061 452 3132 lectus
465 3061 663 3134 libertatem
678 3070 712 3134 et
724 3062 899 3134 libertatis
913 3062 1019 3134 etiam
1032 3061 1237 3153 cupIdinem
1254 3064 1456 3134 incurrunt.

341 3214 385 3229 -
409 3176 510 3248 Adde
530 3178 636 3248 etiam
656 3176 800 3249 divitias
820 3179 865 3249 ab
886 3177 1086 3250 artificibus
1107 3176 1209 3250 facilia
1227 3186 1360 3269 partas,
1384 3177 1461 3268 qui-

339 3292 409 3364 bus
425 3293 600 3371 luxuriosi
616 3292 708 3364 liunt
724 3300 758 3365 et
774 3292 895 3366 minus
912 3293 957 3365 ad
974 3294 1084 3366 duros
1101 3303 1250 3366 conatus
1267 3294 1372 3385 proni
1391 3292 1458 3388 (5).

372 3518 404 3580 (l)
420 3519 467 3568 nit
482 3519 620 3570 Berninus
637 3534 643 3569 :
661 3537 673 3569 u
689 3521 859 3570 Veronensis
875 3523 982 3572 tabulas
997 3525 1032 3572 ob
1046 3523 1168 3572 colorem
1182 3521 1309 3570 laudatas
1323 3533 1394 3580 esse,
1411 3519 1460 3568 sed

340 3600 446 3648 nullum
467 3613 527 3649 esse
548 3601 677 3650 decorem
696 3614 747 3651 neo
768 3602 931 3664 dIgnitatem
952 3603 982 3651 in
999 3605 1132 3667 operibus
1152 3604 1290 3667 pletorum
1310 3601 1358 3664 qui
1381 3599 1461 3650 extra

340 3678 456 3729 Romam
470 3680 675 3730 laboraverunt.
693 3683 815 3744 olDtar„
830 3682 931 3740 XVIII,
946 3682 1011 3744 350.)

371 3759 403 3821 (2)
419 3759 566 3822 Inquisitio
584 3762 705 3823 gravtter
723 3763 747 3810 ei
762 3761 870 3810 crimini
886 3763 970 3812 vertit
985 3763 1058 3824 quod
1075 3762 1228 3812 Germanos
1243 3765 1270 3810 et
1288 3773 1384 3809 eorum
1400 3761 1461 3822 plo-

339 3843 416 3888 turas
436 3840 569 3902 imItatur,
593 3855 605 3887 u
627 3855 767 3903 nugarum
787 3842 884 3904 plenas
908 3855 970 3903 quae
993 3841 1145 3891 EcclesIam
1170 3843 1199 3890 in
1225 3841 1461 3903 contemptIonem

340 3920 483 3970 adducunt
495 3921 549 3983 quo
561 3921 659 3969 melius
672 3921 768 3969 falsam
784 3922 938 3971 doctrinam
954 3923 1107 3985 praedicent
1122 3941 1133 3970 o
1149 3922 1238 3984 neta).
1256 3947 1285 3958 -
1298 3920 1399 3970 Infelix
1416 3935 1462 3969 ar·

340 3999 409 4049 tifex
429 4001 592 4063 simpliciter
617 4005 644 4048 et
666 4001 726 4049 sine
747 4002 916 4064 malignitate
936 4003 1095 4066 respondet.
1113 4003 1226 4052 Jussum
1247 4001 1349 4063 accipit
1370 4001 1461 4063 pumi-

339 4079 439 4142 liones,
457 4095 576 4140 scurras,
593 4080 694 4130 milites
710 4094 777 4130 naso
793 4083 1016 4146 sanguinolento,
1033 4087 1060 4132 et
1075 4083 1142 4132 alias
1159 4099 1171 4130 a
1188 4081 1312 4132 scandali
1330 4095 1430 4130 causas
1448 4096 1460 4128 a

341 4160 529 4223 expungendi.

372 4240 405 4302 (3)
421 4240 527 4291 Crescit
542 4255 638 4290 eorum
653 4243 774 4291 fortuna.
791 4241 832 4294 Cf.
849 4243 999 4291 Dominum
1013 4241 1148 4304 (Messire)
1162 4242 1187 4293 J.
1203 4242 1237 4291 de
1257 4241 1363 4300 Udine‚
1380 4241 1460 4304 equi·

341 4323 397 4370 tem
414 4320 621 4382 Pordenonom,
641 4315 805 4378 Sodomam,
823 4321 972 4373 Titianum.
995 4321 1157 4372 Leonardus
1179 4324 1271 4386 plures
1294 4323 1413 4371 famulos
1434 4327 1462 4370 et

342 4413 429 4463 equos
443 4401 534 4452 habet.
550 4401 673 4465 Raphael
690 4401 775 4464 launo
786 4415 913 4450 nummos
923 4402 1041 4464 (ducats)
1052 4402 1089 4464 (id
1101 4407 1141 4451 est
1155 4401 1256 4462 leucoe
1272 4401 1301 4464 f.)
1316 4401 1461 4464 relinquit.

342 4479 483 4532 Ducentos
497 4495 625 4532 nummos
640 4495 690 4546 pro
707 4482 817 4545 quaque
838 4481 940 4533 Stanzat
959 4482 1071 4553 excipit.
1092 4509 1122 4518 -
1142 4479 1184 4534 Of.
1200 4481 1292 4532 adhuc
1307 4480 1460 4544 dilettanti,
