3160 5152
590 429 768 495 -125-

175 569 394 662 Praecipuum
417 577 534 643 aulem
563 569 692 642 meritis
718 569 826 642 decus
854 569 1242 660 injuuenleetrdo-
1351 583 1353 588 '

128 687 202 760 ride
222 688 376 760 uorilulo
398 715 411 748 r
442 683 619 756 eorrsislil.
642 683 877 770 Quindecimo
900 684 1013 758 italice
1034 687 1164 760 seculo
1184 705 1241 759 ea·

127 803 216 883 dem¹
232 810 400 876 venustas
429 802 522 873 inest
547 819 587 872 ao
614 800 762 890 pulchro
781 800 922 871 cuidam
944 801 990 873 de
1010 802 1140 876 Amore
1160 821 1242 894 poe·

130 918 223 998 mali,
259 916 349 989 adeb
388 917 520 996 nilida,
559 916 735 1006 ingenue,
772 914 1010 1006 insuperabili
1046 917 1160 1010 gralia
1197 917 1243 989 ad

128 1040 303 1113 naturam,
323 1030 441 1104 adbire
456 1032 717 1104 adolescentem
734 1039 770 1102 el
786 1032 889 1121 quasi
909 1029 1032 1105 recens
1048 1039 1241 1124 repertam,

127 1148 278 1220 artifices
304 1147 526 1220 alliciuntur.
549 1146 684 1218 —Sed
709 1147 816 1218 brere
835 1165 961 1238 poema
982 1155 1055 1231 est,
1074 1156 1109 1220 ot
1126 1148 1244 1240 lugiti-

21 1267 22 1300 ³
128 1283 189 1335 vus
209 1284 318 1336 error.
343 1267 473 1350 Quum,
492 1264 640 1336 ineunte
660 1263 752 1333 XVl⁰
774 1264 917 1345 saeeulo,
934 1263 1133 1355 dissipatur
1148 1283 1243 1336 som·

21 1381 22 1436 ἲ
129 1381 240 1461 nium,
258 1399 316 1452 ars
331 1400 352 1450 n
369 1380 572 1468 contempte
587 1379 716 1450 natura
730 1385 867 1449 semota
883 1385 1024 1462 manet;
1044 1385 1080 1452 el
1097 1379 1243 1469 quando
1288 1387 1290 1392 ’

20 1543 22 1618 ξ
127 1494 171 1565 ad
199 1494 312 1573 illam,
340 1494 493 1566 ducibus
519 1492 707 1572 Caraeeiis,
736 1492 840 1574 redit,
868 1493 1065 1565 intellectui
1087 1491 1240 1573 lantum,

128 1617 244 1681 coacto
268 1617 303 1682 ei
330 1609 537 1690 fastidioso,
560 1616 673 1699 paret.
701 1607 804 1680 [lices
828 1609 1114 1693 matrimonium,
1146 1611 1245 1682 mera

20 1745 22 1782 t
129 1725 299 1816 patientia
318 1732 559 1806 contractum,
582 1723 678 1814 quod
700 1730 781 1814 post
802 1724 942 1816 longam
962 1725 1162 1808 luxuriem,
1181 1725 1243 1816 jn-

20 1847 22 1940 ζ
128 1841 233 1911 reuili
254 1839 398 1912 libidini
419 1839 591 1912 succedit.

128 2053 188 2102 qnae
201 2041 262 2103 ipse
278 2039 465 2102 nequidquam
478 2040 611 2094 luctetur,
628 2039 703 2102 saepd
717 2041 746 2088 in
761 2039 832 2088 libro
844 2053 896 2088 suo
911 2039 945 2088 ad
960 2040 1059 2089 vitium
1076 2041 1145 2090 illud
1160 2041 1242 2103 redit,
1312 2074 1315 2080 -

128 2118 227 2181 quode
245 2120 375 2167 inassimo
391 2118 489 2168 dilello
505 2135 516 2164 o
531 2118 621 2180 gentis
634 2131 692 2168 suoe
709 2118 851 2180 praedicat.

159 2213 171 2244 e
189 2197 291 2247 Multos
311 2197 392 2255 novi,
413 2197 464 2252 ait,
488 2197 534 2259 qui
552 2210 582 2245 so
598 2198 674 2260 ipsos
694 2197 723 2245 in
740 2198 869 2247 omnibus
888 2198 984 2261 figuris
997 2200 1056 2249 suis
1070 2199 1243 2262 expressisse

20 2287 21 2320 l
130 2276 274 2336 ridentur;
299 2276 363 2327 ...ed
387 2276 415 2324 in
435 2276 526 2338 quelle
547 2276 571 2325 si
592 2276 662 2325 vcde
683 2277 719 2338 gli
737 2277 786 2325 atti
807 2291 822 2325 e
841 2278 849 2325 i
870 2277 944 2326 modi
966 2277 1011 2327 del
1026 2279 1086 2328 loro
1100 2278 1243 2341 latiore,e

128 2355 202 2418 s’egli
223 2354 237 2404 d
257 2343 357 2418 pronlo
374 2356 420 2404 nel
440 2356 547 2418 perlare
571 2370 586 2404 c
605 2355 647 2404 ne’
666 2356 748 2417 moti,
768 2357 794 2404 le
811 2369 862 2405 sue
881 2357 968 2419 ligure
991 2371 1060 2407 sono
1077 2359 1096 2406 il
1111 2359 1200 2408 simile
1213 2358 1243 2408 in

20 2443 21 2454 ¹
127 2436 331 2499 prontitudinc;
348 2449 362 2485 c
377 2449 407 2484 se
422 2435 441 2484 il
458 2440 578 2485 maeslro
593 2435 607 2485 d
622 2435 727 2495 dirolo,
743 2437 761 2485 il
774 2437 864 2486 simile
881 2437 983 2500 paiouo
998 2439 1023 2487 lc
1037 2437 1125 2501 figure
1140 2437 1242 2487 co'loro

19 2533 20 2546 ¹
128 2517 190 2566 colli
204 2517 284 2578 torti;
301 2531 316 2567 a
331 2531 361 2568 se
380 2517 399 2566 il
421 2522 540 2567 maeslro
558 2515 572 2566 d
590 2516 726 2580 despero,
746 2516 772 2565 le
792 2529 842 2565 sue
864 2515 951 2578 figure
967 2515 1069 2579 palene
1082 2516 1110 2564 la
1126 2516 1244 2580 pigricia

128 2597 235 2647 ritrette
252 2599 276 2646 nl
292 2597 432 2653 naturale;
450 2609 464 2645 c
479 2610 509 2645 se
525 2597 544 2645 il
559 2602 679 2645 maestro
693 2595 708 2644 d
723 2595 964 2658 sproporzionato,
979 2596 1004 2643 le
1019 2595 1106 2658 figure
1124 2608 1174 2644 sua
1192 2608 1243 2644 son

128 2676 224 2736 simili,
240 2690 255 2726 e
273 2676 350 2739 s'egli
370 2675 499 2739 dpezzo,
519 2677 591 2724 nelle
605 2689 656 2724 sue
675 2676 772 2725 istorio
790 2675 812 2724 si
836 2675 969 2724 dimostra
983 2675 1166 2737 largamenle;
1183 2689 1242 2725 -e

19 2785 20 2808 ι
128 2758 185 2807 cosi
201 2771 287 2820 segue
301 2758 415 2806 ciascun
428 2756 572 2806 accidente
587 2757 615 2804 in
631 2757 735 2818 pitture
749 2757 766 2804 il
784 2757 897 2819 proprio
913 2755 1056 2806 accidente
1072 2754 1116 2805 del
1129 2756 1243 2818 pitture.

103 2897 109 2905 ·
128 2836 167 2885 Ed
182 2835 290 2885 avendo
304 2837 330 2884 io
349 2835 397 2898 piir
411 2837 485 2886 rolla
501 2836 677 2885 considerato
692 2836 718 2884 la
733 2849 817 2884 cansa
832 2836 861 2884 di
876 2837 913 2885 tal
929 2836 1044 2895 dilutio,
1060 2835 1096 2884 mi
1112 2849 1178 2898 parc
1193 2837 1244 2885 cbo

128 2918 168 2966 sie
183 2917 209 2965 di
226 2916 368 2980 giudicere
383 2915 434 2964 ebe
449 2917 531 2978 quall'
549 2917 640 2964 anima
654 2915 704 2965 che
719 2929 802 2979 regge
822 2929 836 2964 e
851 2930 974 2979 governa
990 2917 1104 2966 ciascun
1119 2930 1203 2979 corpo
1219 2917 1244 2966 si

129 2996 143 3046 d
158 2998 248 3060 quella
263 2998 313 3046 che
331 2998 357 3044 la
371 2997 389 3044 il
406 3002 501 3046 nostro
516 2997 639 3059 gindizio
654 2996 764 3045 innanzi
779 2997 822 3044 sie
837 2997 855 3043 il
871 2996 984 3059 proprio
999 2996 1122 3060 giudizio
1137 3001 1243 3047 nostro.

19 3103 20 3106 =
129 3078 265 3141 Adunque
281 3091 343 3126 essa
357 3077 392 3124 ha
406 3076 540 3126 condotto
555 3082 627 3126 tutta
641 3077 667 3124 la
680 3076 768 3139 figura
781 3076 843 3124 dell’
859 3090 951 3134 uerno,
965 3089 1043 3126 come
1058 3090 1121 3126 essa
1134 3077 1169 3125 be
1181 3077 1244 3140 giu-

129 3157 219 3206 diceto
235 3157 327 3220 quello
343 3162 400 3204 ster
415 3159 495 3214 bonu,
512 3169 528 3205 o
543 3157 586 3205 col
602 3169 670 3204 naso
685 3157 780 3218 lungo,
794 3168 810 3204 o
826 3160 914 3210 corto.
931 3169 947 3204 o
963 3169 1085 3212 camuso,
1102 3169 1117 3205 e
1132 3155 1190 3205 cosi
1206 3157 1244 3219 gli

128 3237 240 3286 adermb
249 3237 275 3285 la
285 3251 335 3284 sua
348 3237 452 3284 altezze
467 3235 589 3298 eflgura.
602 3235 641 3284 lid
655 3234 669 3284 d
685 3235 713 3283 di
728 3241 805 3284 tauta
818 3240 936 3297 potenza
946 3240 1046 3298 questo
1060 3236 1097 3285 tal
1112 3235 1243 3300 gladium,

128 3314 224 3378 cb’egli
241 3327 342 3364 muove
361 3314 386 3362 le
403 3314 512 3362 bruccia
527 3313 551 3361 al
568 3314 670 3376 pittore
685 3327 700 3361 o
716 3313 752 3376 gli
767 3314 795 3361 ie
811 3313 945 3376 replicare
963 3312 993 3362 sd
1012 3313 1178 3372 nredesimo,
1194 3327 1244 3376 pa-

128 3395 214 3444 rendo
235 3394 268 3442 ad
287 3407 349 3442 esse
369 3392 461 3441 anima
481 3393 530 3442 clre
549 3394 641 3455 quello
663 3393 705 3442 sia
726 3393 745 3440 il
760 3407 811 3442 suo
827 3393 909 3442 modo
925 3392 952 3441 di
968 3393 1086 3455 figurare
1101 3394 1244 3456 l'uomo,e

128 3475 171 3524 cbi
186 3487 243 3523 non
257 3475 284 3522 la
298 3487 377 3523 como
391 3473 427 3523 lei
443 3473 530 3522 lucela
545 3486 649 3522 errore.
665 3473 686 3521 Ε
706 3486 735 3522 se
751 3477 831 3522 treva
845 3473 945 3522 alcuna
957 3472 1007 3522 cire
1023 3473 1132 3535 somigli
1150 3474 1175 3522 el
1193 3486 1244 3523 suo

19 3575 20 3582 ,
128 3566 227 3616 corpo,
243 3553 349 3602 cb'essa
362 3553 398 3600 he
412 3555 570 3614 composto‚
587 3564 649 3601 esse
662 3553 755 3613 l'ema,
772 3565 786 3600 e
805 3551 972 3601 s’innamora
986 3566 1083 3616 spesso
1098 3552 1127 3600 di
1142 3553 1244 3615 quello.

127 3632 148 3682 Ε
166 3647 214 3696 per
225 3638 324 3696 questo
335 3632 412 3682 molti
423 3632 629 3681 s'iunamoreno
641 3646 655 3682 e
667 3632 812 3694 prendono
827 3632 926 3695 meglio
940 3633 990 3681 ebe
1005 3631 1065 3682 loro
1079 3633 1216 3696 eomiglia.
1230 3649 1243 3680 n

127 3713 225 3771 (Trall,
242 3716 269 3762 cl.
284 3715 358 3774 pua,
374 3711 410 3770 II,
428 3711 480 3762 los.
494 3714 542 3760 Del
558 3715 696 3761 messime
709 3714 806 3772 diseno
822 3715 865 3760 de·
877 3712 997 3773 pellor-t.)

160 3793 209 3850 lta,
223 3798 322 3856 arguto
336 3793 441 3855 ingenii
456 3792 583 3841 acumine
598 3797 626 3841 ot
640 3791 771 3855 tanquam
784 3791 977 3855 philosophica
991 3792 1159 3854 eloquentia,
1175 3791 1245 3844 Leo·

128 3873 232 3920 nardus
247 3872 314 3921 erlis
329 3872 431 3922 italicae
447 3871 569 3920 indolem
588 3873 726 3934 explanat.
746 3872 854 3920 Artifex
867 3885 963 3921 omnes
979 3885 1023 3920 res
1038 3885 1087 3935 per
1102 3876 1246 3936 proprium

19 3973 20 4002 1
128 3951 218 4000 risum
233 3952 388 4014 transpicit,
399 3955 431 4000 ut
447 3951 586 4000 Berninus
599 3951 652 4000 iste
667 3951 724 4013 qui,
739 3955 770 3998 nt
785 3950 899 3999 ductum
915 3951 972 4000 oris
984 3951 1167 4014 exprimeret,
1184 3965 1246 4001 sesa

19 4065 20 4096 3
128 4031 323 4080 delineandum
342 4033 372 4080 in
388 4032 508 4094 quaesilo
526 4031 622 4080 nabitu
642 4031 727 4079 tradit
746 4030 790 4092 lV.
811 4029 886 4092 Dior,
903 4035 964 4083 Gar.
987 4033 1037 4080 dee
1053 4035 1246 4092 Beana-Aris,

19 4145 20 4174 3
129 4109 188 4170 XV,
204 4110 447 4173 supernaturale
463 4110 497 4158 ed
510 4109 721 4158 similitudinem
734 4107 778 4158 sui
788 4109 876 4172 lingit.
891 4136 920 4146 -
934 4110 1013 4171 Nem,
1027 4111 1109 4160 etiam
1125 4110 1159 4160 ad
1174 4111 1247 4161 Leo-

19 4177 21 4246 }
128 4189 208 4236 nardi
228 4178 361 4250 mentem,
382 4205 394 4236 u
415 4189 523 4238 enimus
542 4195 584 4238 cst
603 4189 729 4251 corporis
749 4195 884 4240 auctor.»
902 4216 932 4227 -
950 4189 1065 4240 Frustra
1084 4189 1247 4241 Leonarduu

19 4269 21 4312 l
129 4267 245 4317 enititur
259 4273 290 4318 ut
306 4285 318 4316 u
332 4283 366 4318 ex
382 4282 412 4319 se
427 4285 439 4317 u
457 4269 632 4332 egrediatur3
655 4269 769 4318 Italicus
789 4270 889 4319 artilex
906 4283 967 4320 sese
988 4271 1018 4320 in
1033 4272 1100 4320 orbe
1115 4271 1247 4322 universo

19 4361 20 4422 3
127 4349 231 4410 reperit
249 4361 255 4398 :
273 4349 476 4413 quodquidam
488 4363 545 4400 non
558 4350 619 4399 sine
634 4349 735 4398 damno
750 4349 789 4409 fit,
804 4350 915 4412 quando
927 4355 1024 4413 pectus
1037 4352 1097 4414 eius
1107 4351 1247 4403 mediocre

19 4449 21 4484 l
128 4432 180 4477 θεῖ.

161 4508 232 4560 Vide
246 4509 337 4560 adbuc
351 4509 490 4562 Leonerdi
505 4510 656 4562 Codicese
675 4509 831 4561 Raveisson
847 4510 937 4560 editos
956 4523 962 4560 :
983 4509 1048 4563 ides.
1066 4512 1097 4564 Α.
1115 4512 1146 4562 23
1161 4517 1247 4570 recto.
