3160 5152
636 438 795 499 ..35-

157 571 313 646 consilia
327 593 400 648 non
420 575 577 670 neglexit
594 571 643 671 (1)
664 600 673 647 z
695 573 784 648 adeb
803 580 843 647 ut
862 582 1009 648 externa
1023 570 1100 665 eius
1118 580 1153 647 et
1171 575 1276 667 quasi

156 705 329 779 corporea
348 690 538 774 calliditas,
561 709 649 764 seno
669 698 704 764 et
721 689 860 762 modico
875 688 1011 780 jndicio
1032 687 1167 781 adiuta,
1187 691 1275 764 satis

154 801 187 876 el
205 803 315 878 inerit
333 805 378 878 ad
398 806 594 898 parandam
615 807 653 876 in
666 806 734 878 hae
749 805 932 897 provincia
946 803 1095 896 gloriam
1117 807 1188 895 qud
1203 825 1276 878 ma·

154 917 287 1009 gistros
313 927 347 994 et
368 921 519 994 aemulos
544 939 644 1007 suos,
676 919 744 994 etsi
771 917 883 992 multb
903 919 1185 1011 praestantiores,
1207 939 1273 1013 op-

153 1034 301 1124 pressit.
324 1035 398 1108 lmb
421 1035 492 1109 duo
510 1037 698 1110 hominum
720 1036 850 1109 saecula
876 1034 1038 1126 decipere
1066 1035 1177 1108 valuit
1203 1033 1272 1130 (i).

154 1149 284 1224 Goetbe
302 1159 337 1224 et
352 1152 525 1226 Stendhal
540 1153 586 1225 ab
602 1152 664 1225 illo
680 1148 797 1254 adbdc
815 1151 1031 1224 illuduntur.
1050 1149 1191 1223 Pictura
1206 1151 1275 1225 isla

155 1265 398 1340 celebritatem
425 1275 460 1341 et
490 1268 641 1341 circulos
668 1266 824 1350 redolet,
854 1266 1009 1358 speeiem
1036 1283 1188 1338 evocans
1209 1266 1274 1342 riri

153 1376 316 1465 litterati,
338 1383 552 1474 perurbani,
575 1381 714 1466 diserti,
736 1381 889 1454 bonesto
910 1399 1019 1452 sensu
1044 1387 1079 1452 et
1098 1382 1192 1452 recta
1217 1381 1275 1454 ln·

154 1495 354 1587 tolligentid
389 1496 550 1588 praediti,
592 1493 683 1590 (dieo
715 1497 824 1587 hujus
857 1495 955 1567 modi
999 1495 1272 1586 intelligentiam

154 1630 237 1702 quae
261 1613 450 1704 praesentis
473 1612 644 1704 temporis
669 1611 769 1684 ideas
795 1607 922 1704 irigid'e
947 1609 1092 1694 reddat,
1120 1629 1274 1702 quaeque

160 1728 329 1801 «nobilis
349 1755 365 1794 ›
392 1748 413 1800 a
430 1730 613 1820 plerisque
627 1729 840 1820 appelletur,
863 1727 948 1817 quia
967 1727 1045 1817 ejus
1061 1726 1272 1800 inanitatem

154 1841 362 1917 dissimulat
376 1845 522 1918 babitus
538 1841 725 1937 dignitas).
747 1845 872 1917 Sermo
889 1843 988 1914 illins
1006 1843 1150 1934 elegans
1165 1851 1220 1916 est
1239 1850 1274 1916 et

156 1966 356 2050 angustus;
375 1961 499 2032 eadem
515 1979 656 2052 semper
670 1960 786 2045 iterat,
805 1966 840 2031 et
853 1958 1104 2032 iterationibus
1116 1959 1270 2031 laetatur.

152 2075 265 2146 lactat
286 2074 448 2148 decurias
468 2074 746 2166 supplicantium
773 2081 835 2146 aut
860 2072 1057 2145 amantium
1086 2073 1271 2145 oculorum

154 2207 247 2279 qnos
266 2188 311 2261 ad
328 2190 453 2263 eaelum
474 2190 612 2272 evenit;
635 2191 758 2262 nullus
777 2197 894 2261 antem
912 2188 1025 2259 enimi
1042 2187 1187 2261 edoctus
1204 2189 1273 2260 mi-

154 2305 255 2377 sellis
284 2304 364 2378 istis
391 2305 547 2378 inventis
573 2306 680 2377 vitam
700 2305 841 2378 incutit.
868 2304 1014 2376 Talibus
1038 2303 1221 2394 opusculis
1242 2303 1272 2376 si

155 2422 238 2511 quis
259 2420 434 2512 quosdam
450 2441 472 2492 a
487 2421 643 2494 sodoma
657 2419 791 2494 effictos
806 2420 967 2502 habitus,
985 2419 1091 2492 Guidi
1104 2438 1273 2510 praenun·

154 2535 239 2618 ties,
261 2543 462 2627 comparat,
491 2533 597 2627 plane
626 2535 757 2609 sentiet
783 2532 956 2627 qnantum
986 2531 1122 2607 interea
1141 2533 1208 2606 iter
1227 2533 1272 2606 ad

155 2651 298 2724 ruinam
314 2652 520 2725 absolutum
540 2651 659 2724 luerit.
681 2651 846 2724 Sodomae
865 2649 962 2722 enim
981 2648 1133 2740 segnitia
1153 2651 1222 2720 vim
1238 2658 1273 2722 et

154 2766 310 2858 vigorem
338 2766 547 2858 obtegebat;
579 2785 730 2857 operosa
754 2765 860 2838 Gnidi
885 2783 969 2837 cura
996 2763 1209 2854 cogitatione
1237 2773 1273 2838 ct

153 2899 265 2954 sensu
294 2900 403 2954 vacua
426 2889 493 2955 est.
519 2883 595 2954 lam
622 2901 695 2954 non
723 2880 855 2954 sufficit
879 2880 981 2952 labor
1005 2887 1044 2953 nt
1069 2888 1272 2953 recreentur

153 2995 275 3079 corda,
289 2996 429 3069 desidia
443 3003 478 3069 et
491 2998 672 3086 voluptate
687 3015 751 3088 per
764 3004 877 3069 totum
894 2995 1064 3068 saeculum
1081 2995 1267 3068 exhauste.

203 3113 309 3184 Solus
330 3111 392 3203 qui
412 3113 484 3185 imo
503 3120 642 3203 pectere
662 3112 800 3203 aliquid
815 3112 950 3183 innatae
965 3111 1181 3183 sinceritatis
1198 3129 1270 3184 ser·

156 3236 232 3310 rat,
265 3229 515 3301 Dominicinus
545 3224 779 3322 (rest-toln)
805 3228 987 3299 voluntate
1020 3225 1129 3298 nimis
1160 3234 1268 3300 caret.

152 3345 276 3434 Neque
290 3340 461 3416 adversus
476 3344 642 3416 inimicos
658 3363 757 3429 suos,
772 3340 874 3415 vald'e
888 3349 1069 3424 strenuos,
1087 3361 1166 3415 sese
1178 3345 1270 3416 tucri

153 3460 265 3544 valet,
296 3475 413 3549 neque
438 3455 609 3530 adversus
632 3458 879 3550 imprudentes
905 3457 1053 3539 amicos,
1082 3457 1145 3548 qui
1170 3458 1269 3530 illius

153 3571 293 3646 tantirm
309 3573 394 3645 vitia
411 3572 649 3645 admirantur.
667 3572 839 3646 ltlollioris
858 3572 920 3644 ille
934 3572 1046 3644 animi
1067 3580 1134 3656 est,
1152 3573 1270 3646 timidi

153 3689 329 3761 etmoesti.
345 3687 462 3759 Primb
472 3689 617 3778 quidem
628 3695 776 3761 conatur
787 3689 1084 3781 utmagistrnrum
1094 3696 1271 3781 praecepta

153 3801 246 3876 bene
259 3803 474 3887 recordetur,
490 3812 524 3877 et
535 3804 718 3895 ingenium
736 3805 890 3877 suumin
907 3803 1133 3894 disciplinam
1146 3823 1268 3877 eorum

154 3920 259 4012 cogit.
279 3921 395 4006 Quum
416 3927 534 4018 autem
557 3920 650 3992 sein
669 3918 869 3992 libertatern
893 3918 1062 4001 vindieat,
1085 3921 1270 3994 anemine

182 4209 219 4272 (l)
235 4207 349 4260 Scilicet
370 4209 507 4259 violentas
527 4209 754 4272 ponderosasque
769 4207 932 4272 Caravaggii
947 4211 1075 4270 umbras,
1091 4211 1270 4274 ejusdemque

156 4293 261 4339 trucem
282 4293 309 4338 et
325 4289 454 4353 pallidam
472 4290 562 4338 lucem
582 4289 698 4352 deserit,
715 4293 741 4339 et
758 4289 918 4353 aggreditur
933 4289 1081 4339 candidum
1096 4295 1124 4340 et
1139 4291 1270 4342 diffusum

154 4371 248 4420 lumen
263 4370 292 4418 in
307 4384 362 4432 quo
377 4371 470 4420 omnia
485 4370 611 4434 aequalia,
627 4371 730 4435 tepida,
745 4371 865 4434 praevisa
879 4375 953 4434 sunt,
971 4397 1000 4406 -
1016 4375 1043 4420 et
1057 4372 1176 4422 inutilia.

183 4449 217 4513 (il
237 4469 250 4494 o
269 4449 292 4498 ll
313 4454 500 4500 restauratore
526 4450 598 4499 della
619 4450 720 4512 grazia.
745 4467 757 4493 rr
778 4475 808 4487 -
830 4466 843 4498 u
868 4449 890 4500 Il
912 4454 1037 4500 creatore
1056 4452 1128 4502 della
1148 4452 1272 4503 maniera

155 4530 298 4580 moderna.
312 4547 324 4574 n
339 4529 521 4594 (Baldinucei‚
537 4529 677 4590 Malvesia,
693 4529 788 4590 Lanzi,
804 4529 867 4592 etc.)
