3160 5152
584 441 764 504 -tot-
801 475 804 482 ,

114 574 309 674 raggium'
325 579 528 654 Baroccium
546 589 607 654 aut
626 570 830 672 Corregium
855 573 1062 652 imitando:
1085 579 1172 671 ipssa
1194 573 1236 652 ll-
1339 592 1345 602 ·

121 697 194 768 lius
223 684 442 770 imitationes
473 697 582 771 robur
608 698 789 787 singulare
817 703 1004 769 testantur.
1037 696 1089 767 hd
1119 695 1234 788 inspi-

119 811 245 884 cienda
283 812 501 902 exemplaria
538 830 611 883 non
651 812 837 891 servilem,
876 810 1043 882 Ludorici
1083 809 1266 881 Caracoiiv

119 947 237 1008 more,
260 929 523 999 venerationem
547 928 712 1012 adhibet,
736 927 798 998 sed
820 928 1010 999 violentam
1030 925 1236 998 admiralio-

120 1061 217 1124 nem,
239 1033 512 1147 relremcntibus
534 1043 679 1114 vocibus
700 1035 920 1133 expressam,
940 1043 1010 1132 qud
1027 1039 1238 1134 plerirmque
1284 1065 1288 1072 ·

120 1159 255 1250 cogitur
280 1167 319 1231 ut
346 1160 503 1230 alienum
530 1179 620 1250 opus
652 1158 803 1249 explicet
834 1178 874 1229 ac
902 1164 1026 1228 mutet.
1054 1155 1238 1246 Quidquid

120 1281 257 1356 tractat,
276 1277 361 1345 nota
379 1276 530 1364 scalam
553 1275 681 1365 signat.
704 1273 739 1343 Si
760 1273 1054 1364 Miclrelangelum
1075 1272 1237 1362 aggredi·

120 1397 190 1471 tur,
213 1391 388 1464 sublimes
409 1392 554 1482 quidem
584 1392 683 1462 illins
707 1381 938 1480 cogitationes
965 1409 985 1458 a
1015 1388 1145 1459 mentis
1165 1388 1259 1459 cul·=

117 1505 283 1576 ‘minibus
302 1505 487 1597 paululum
509 1507 670 1587 deducit;
689 1505 750 1576 sed
767 1525 827 1576 eas
844 1506 937 1576 terra
953 1497 1105 1574 solidibs
1123 1502 1235 1587 lulcit,

124 1619 170 1690 rei
194 1619 375 1692 ierilatem
398 1620 555 1694 strictius
579 1622 838 1711 complectens,
867 1627 902 1690 et
922 1618 1053 1689 lormas
1074 1619 1110 1688 in
1131 1618 1237 1688 actio·

125 1753 203 1806 nem
225 1743 260 1808 et
284 1738 387 1808 vitam
412 1737 610 1809 immittens
634 1735 698 1831 (l).
723 1737 758 1808 Si
783 1735 1027 1815 leonardum,
1053 1735 1237 1824 proprium

123 1849 280 1923 ardentis
300 1851 412 1924 animi
434 1855 489 1925 sui
511 1854 670 1925 studium
692 1851 814 1924 subtili
835 1849 1049 1940 exemplaris
1069 1850 1236 1921 observa·

31 2005 36 2016 ·
127 1967 215 2038 tioni
236 1966 400 2059 adjungit
421 1966 486 2062 (1).
512 1971 551 2038 ln
574 1969 650 2050 illo,
675 1968 796 2039 omnia
817 1967 860 2038 ad
888 1965 1062 2037 actionem
1090 1972 1237 2045 coeunt;

132 2082 308 2173 quidquid
330 2086 455 2176 tangit,
476 2085 603 2156 drama
624 2091 690 2156 est.
714 2086 871 2174 lmpetus
896 2083 1006 2153 animi
1033 2080 1241 2152 omnimodo

129 2201 282 2289 erumpit
307 2225 315 2270 ε
339 2199 412 2272 lirm
432 2200 684 2272 miserabiliter
708 2197 760 2293 (V.
785 2226 799 2263 r
823 2196 1004 2269 Christum
1023 2218 1041 2265 e
1060 2218 1162 2266 crece
1184 2197 1243 2267 de·

125 2312 271 2382 missum
304 2312 363 2408 ›)‚
394 2315 468 2388 irim
503 2314 692 2407 splendide
721 2315 773 2408 (11.
806 2344 820 2378 c
849 2313 1032 2382 Piscolnm
1064 2318 1260 2406 portento--

123 2419 274 2522 sums),
302 2429 375 2502 tum
397 2417 510 2502 hilaro
537 2431 571 2524 (ι
594 2430 782 2500 Kermesse
809 2428 857 2523 s),
880 2419 1021 2519 semper
1045 2436 1164 2500 autern
1187 2415 1240 2499 ¹el·

126 2543 216 2626 lush,
237 2536 326 2618 adeb
349 2536 634 2639 ut'magnilicum
657 2547 828 2637 lulgorem
850 2551 884 2616 et
902 2551 1065 2615 ovantem
1082 2543 1243 2614 laetitiam

127 2681 239 2752 usque
268 2664 311 2734 in.
334 2661 613 2734 ‹Eleocir‘oucm
638 2659 754 2731 crucis
775 2688 789 2724 s
811 2669 872 2731 aul
900 2660 936 2729 in
966 2686 980 2721 r
1005 2656 1173 2729 Colo-orii
1189 2680 1243 2726 os·-

125 2799 265 2846 censum
302 2779 478 2850 »alferat
511 2805 598 2842 -r
632 2778 732 2849 lllius
764 2776 954 2868 graphidos
989 2763 1061 2846 non
1095 2775 1244 2845 sincerae
1319 2820 1320 2823 κ

113 2901 223 2978 sunt,
254 2894 313 2966 ait.
331 2895 514 2966 llelacroix
540 2891 611 2988 (5);
642 2895 678 2964 iu
707 2894 758 2964 eis
784 2912 822 2964 se
849 2893 967 2982 ipsum
997 2891 1108 2982 magis
1135 2888 1243 2980 quim

128 3003 343 3101 exemplum,
366 2992 480 3082 oculis
501 3010 716 3100 subjectum,
739 3008 910 3080 cullibet:
932 3013 1106 3078 calamon
1124 3005 1244 3076 estin-

113 3125 212 3196 'tima
233 3127 297 3208 ris,
318 3129 349 3196 is
367 3126 522 3216 impetus
544 3125 676 3196 talibus
696 3122 780 3194 viris
801 3124 968 3201 innatus,
992 3129 1031 3192 ut
1051 3119 1243 3210 singularis

113 3226 248 3311 reorum
275 3259 405 3312 sensus
425 3239 573 3311 omninb
592 3239 797 3310 dominetur
822 3244 856 3309 et
876 3243 1093 3327 spectantem
1115 3234 1249 3322 rapiat„

131 3504 240 3553 Sanctae
254 3503 348 3553 Mariae
360 3504 389 3551 in
402 3502 553 3552 Valicellal.
564 3527 593 3536 -
605 3501 723 3560 Quintili
734 3505 761 3549 el
779 3499 871 3548 sextili
887 3496 1029 3546 mensibus
1044 3495 1111 3557 toul,
1122 3493 1247 3545 Genuam

130 3584 206 3641 visit,
224 3587 306 3646 atquo
328 3582 367 3630 ibi
382 3581 531 3644 graphidos
548 3581 649 3628 aedinrn
672 3579 776 3640 effingit
795 3579 936 3639 (frontem,
953 3576 1087 3638 speciem,
1108 3579 1247 3633 secturas,

130 3663 368 3724 orthographiam,
387 3668 438 3710 etc.
455 3687 485 3696 -
502 3660 547 3710 139
566 3660 791 3707 adumbrationes
807 3658 895 3706 editas
911 3655 984 3718 apud
1003 3653 1162 3703 Meursium.
1177 3655 1247 3702 Ant-

129 3743 253 3804 worpiae,
273 3741 351 3803 1622).
373 3742 477 3790 Eodem
501 3753 588 3800 anno,
603 3740 689 3800 jussis
709 3741 840 3800 ope'rrbus
861 3737 894 3784 ad
915 3735 1055 3784 Mantuam
1076 3733 1249 3791 cumulatum

130 3823 193 3870 omit
209 3824 330 3870 tabulam
353 3821 516 3882 Caravaggii
537 3820 569 3867 ad
592 3820 689 3866 ducem
711 3817 898 3865 vincentium.
920 3841 949 3850 -
971 3815 1052 3862 Anno
1075 3811 1148 3873 1608,
1170 3811 1249 3860 terlio

129 3904 220 3951 Romae
237 3906 368 3950 moratur.
386 3901 427 3950 Ob
443 3902 538 3948 pratris
559 3913 618 3948 suae
641 3901 765 3946 morbum
782 3901 941 3950 revocatuS.
959 3893 1078 3941 discedit
1092 3891 1123 3940 520
1141 3892 1249 3953 octob,

132 3996 202 4044 equo
217 3983 334 4039 sedens,
351 3985 378 4029 et
392 3980 580 4042 Anlwerpiam
594 3980 663 4042 petit
678 3992 711 4027 eo
727 3980 818 4025 animo
833 3980 863 4024 ut
883 3977 912 4022 in
930 3975 1010 4024 italie
1029 3972 1119 4020 serius
1137 3971 1249 4019 rediret·

131 4061 184 4110 Scd
205 4061 236 4111 20
257 4066 327 4122 sept.
346 4060 418 4121 1609,
440 4059 574 4107 archidux
590 4059 719 4105 Albertus
735 4063 762 4104 et
783 4055 860 4116 regni
882 4055 971 4102 haeres
992 4051 1109 4100 isabella
1128 4051 1203 4098 illum
1222 4051 1250 4097 in

131 4140 227 4204 Belgio
249 4140 392 4202 proprium
415 4153 509 4188 eorum
532 4139 665 4201 pictorem
683 4137 869 4192 nominatum,
886 4134 1020 4182 detinent.
1035 4157 1066 4166 -
1082 4131 1113 4179 ln
1128 4129 1250 4188 octobri,

130 4233 244 4270 uxorem
259 4220 345 4276 ducit,
361 4225 388 4267 et
403 4219 529 4280 quamvis
545 4218 648 4280 saepius
662 4215 817 4264 revisendae
831 4214 918 4261 llaliae
934 4211 1093 4274 cupidinem
1105 4209 1251 4270 exprimat,

131 4299 271 4362 nunquam
288 4299 317 4346 in
333 4312 391 4347 eam
406 4298 486 4347 redit.

160 4382 192 4443 ll)
209 4380 242 4428 V.
258 4384 322 4426 octo
337 4377 497 4440 splendidas
510 4375 666 4438 graphidos,
680 4375 760 4436 nigro
776 4379 803 4422 et
816 4365 931 4420 miniato
948 4369 1059 4419 effictas.
1075 4367 1216 4431 (Lourro.)

162 4460 194 4522 li)
211 4461 245 4508 V.
261 4464 391 4519 Perperene
407 4473 452 4518 ap.
466 4459 615 4519 Amphiarl.
629 4453 771 4519 (Louvre.)

162 4541 195 4604 (3)
212 4540 353 4596 Diarium,
373 4537 407 4594 II,
423 4536 478 4588 280.
