3160 5152
601 409 761 474 ..81..

119 550 165 622 tis
186 567 261 622 suae
279 549 449 640 superbia
469 549 617 636 inflato,
638 549 772 622 Christi
799 557 952 623 statuam
973 550 1178 643 perspexit,
1199 557 1234 623 et

27 661 32 668 '
120 663 211 737 dixit
231 689 239 735 :
263 691 279 729 ‹
301 663 479 755 Caspitra!
499 666 575 737 baec
599 673 654 737 est
671 665 937 757 lliobelangelil
956 666 1064 757 bujus
1082 665 1237 758 pulchri·

121 779 283 852 tudinem
304 779 540 865 considerate,
565 799 625 852 vos
646 799 794 862 omnes;
817 781 881 853 sed
900 789 938 854 ut
957 801 1035 854 earn
1055 777 1160 873 plan'e
1179 781 1234 853 in·

123 895 343 988 telligeretis,
368 893 514 987 prorsus
534 903 712 988 oporteret
731 895 916 969 rideamus
936 917 1094 989 quonam
1116 896 1236 981 modo,

123 1010 185 1082 illo
214 1017 394 1102 tempore,
427 1010 517 1085 iacta
549 1018 671 1084 essent
703 1030 868 1102 corpora;
904 1012 1115 1085 »deridens
1143 1011 1241 1105 quod

123 1124 400 1216 liicbelangelus
420 1132 585 1197 naturam
607 1144 680 1197 non
698 1123 818 1199 exacte
837 1125 997 1222 imitatus
1017 1135 1113 1200 esset
1135 1124 1200 1222 (1).
1219 1153 1235 1191 ›

124 1279 173 1290 -
195 1267 211 1305 ‹
232 1241 272 1312 ln
292 1241 475 1332 sculptura
492 1247 528 1313 et
547 1241 705 1333 pictura,
727 1241 1004 1334 Miebelangelus
1025 1241 1238 1315 similitudi·

124 1374 205 1428 nem
228 1355 347 1427 carnis
367 1355 491 1448 liguris
512 1354 596 1428 dare
621 1375 693 1428 non
714 1358 848 1440 raluit;
870 1357 927 1431 bae
951 1364 1091 1431 tantum
1110 1341 1239 1430 anato-
1274 1362 1276 1365 ’

125 1469 226 1542 micae
245 1469 405 1542 scientim
424 1477 586 1562 respectu
610 1471 769 1562 pulchrae
786 1478 821 1544 et
840 1471 1001 1563 insigues
1022 1477 1107 1544 sunt
1133 1469 1197 1565 (2).
1220 1499 1236 1537 ›

126 1623 172 1638 -
187 1585 391 1659 Verisimile
409 1585 515 1658 etiam
536 1585 726 1658 estodium
748 1585 844 1659 istud
859 1586 939 1659 lalsi
959 1583 1137 1658 idealismi
1159 1585 1239 1681 (sci-

126 1701 207 1774 licet
221 1700 405 1773 immodici
420 1701 582 1773 idearum
593 1700 736 1797 cultris),
755 1721 827 1774 non
843 1703 942 1794 parri
959 1702 1131 1776 momenti
1146 1700 1244 1794 apud

125 1816 343 1889 Annibalem
363 1815 491 1902 luisse,
512 1823 551 1889 ut
567 1816 629 1889 ille
646 1819 823 1909 uulgarem
846 1826 1010 1890 naturam
1029 1825 1101 1892 tam
1123 1816 1244 1891 seruili
1270 1889 1273 1894 .

126 1941 160 2006 et
176 1932 319 2005 insulso
337 1932 456 2005 studio
472 1931 684 2007 imitaretur.

176 2047 250 2120 Sed
274 2048 341 2120 boc
367 2049 434 2120 arti
459 2046 585 2140 parum
613 2049 763 2140 proluit;
790 2067 919 2140 nempe
948 2055 1145 2143 supersunt
1162 2071 1242 2143 gra·

127 2165 245 2237 viores
268 2164 479 2256 corruptelae
504 2182 638 2245 causae,
666 2172 774 2255 atque
801 2166 909 2238 etiam
940 2165 1142 2239 necessaria
1170 2168 1246 2259 lege

128 2287 308 2352 crescunt.
342 2277 458 2352 Facile
487 2279 610 2352 credas
640 2281 884 2354 Caraociorum
915 2281 1142 2374 disciplinam
1173 2301 1245 2354 non

19 2413 22 2484 ξ
128 2415 207 2468 eam
224 2413 305 2468 esse
325 2415 405 2487 qum
423 2394 599 2487 ingenuas
619 2404 713 2469 artes
734 2417 754 2469 a
779 2404 935 2471 veterum
955 2398 1164 2471 auctoritate
1186 2417 1246 2472 ex·

129 2513 259 2587 solvat.

185 2626 379 2698 «Annium
399 2626 605 2712 saracems,
635 2628 685 2700 aa
711 2648 806 2702 unus
834 2649 877 2702 ex
899 2630 998 2702 uirus
1025 2631 1245 2714 fautoribus,

20 2755 22 2804 t
130 2743 326 2834 Raphaelis
344 2743 492 2834 gratiam
514 2742 771 2816 ctdelineandi
798 2745 1050 2830 calliditatem,
1073 2747 1248 2819 anatomi-

20 2861 22 2966 1
130 2877 206 2930 caru
227 2856 474 2948 Micbelaugeli
490 2858 691 2941 scientiam,
710 2860 867 2952 Corregii
886 2861 1096 2953 dignitatem
1117 2869 1152 2934 et
1171 2863 1250 2953 pin-

130 2973 240 3064 gendi
257 2972 454 3058 solertiam,
466 2973 596 3044 Titiani
608 2975 775 3060 colorem,
789 2979 805 3046 J
812 2977 874 3047 ulii
890 2978 1040 3049 Romani
1053 2984 1088 3050 et
1099 2977 1250 3050 Androm

131 3087 574 3160 Mantiniaeiurentionem
590 3090 626 3159 in
645 3107 683 3161 se
696 3091 850 3182 collegit,
869 3097 904 3163 et
918 3110 961 3163 ex
977 3092 1115 3164 ratione
1129 3091 1251 3164 decem

20 3207 22 3274 t
130 3209 193 3275 aut
229 3201 416 3274 duodecim
451 3221 674 3276 summorum
709 3205 907 3296 pictorum,
941 3207 1122 3298 propriam
1150 3225 1252 3279 suam

20 3305 22 3314 ’
131 3315 357 3407 composuit;
389 3316 487 3388 baud
514 3316 616 3390 socos
649 3339 690 3391 ac
715 3320 767 3402 si,
802 3321 839 3390 in
870 3320 1023 3394 transitu
1051 3320 1181 3395 culinen
1213 3321 1252 3393 in

20 3449 22 3502 t
50 3467 52 3472 ·
131 3433 205 3524 qua
218 3449 447 3522 trinaquaequo
463 3433 552 3504 ratio
569 3434 642 3505 rasi
659 3443 823 3526 separato
838 3436 1093 3523 contineretur,
1109 3455 1151 3510 er
1167 3438 1254 3510 unt·

131 3547 280 3639 quaque
300 3545 518 3618 cochleario
540 3567 599 3619 vas
616 3567 722 3620 suum
740 3550 951 3623 immisisset
971 3548 1035 3646 (5).
1060 3578 1075 3616 ι

20 3649 22 3660 “
182 3660 345 3732 Proiecto
365 3661 633 3734 intensissimus
647 3663 890 3737 Caracciorom
904 3666 1117 3738 detrectator
1132 3667 1255 3740 crude-

20 3789 21 3866 ζ
133 3777 226 3849 liore
246 3773 329 3867 ergd
347 3794 408 3848 eos
427 3794 592 3849 sermone
613 3779 663 3850 uti
684 3798 757 3850 nou
777 3781 918 3872 posseti
942 3865 950 3879 ‚

183 3894 321 3964 Revera
340 3892 485 3964 Beruini
501 3893 675 3983 judicium
695 3894 815 3986 potibs
835 3898 881 3969 ad
901 3898 1060 3969 scholam
1082 3896 1191 3989 qu'em
1210 3899 1256 3972 ad

20 4013 21 4016 ‘
133 4008 363 4099 magistrum,
386 4007 424 4079 id
443 4015 497 4081 est
515 4008 561 4080 ad
576 4010 805 4099 Annibalem,
825 4014 993 4105 pertinet.
1013 4015 1077 4086 lile
1094 4014 1256 4087 animum

20 4143 22 4236 ᾗ
133 4140 245 4215 opere
260 4123 547 4214 praestantiorem
566 4132 600 4196 et
621 4125 777 4199 inuentis
797 4128 1001 4203 liberiorem
1020 4130 1123 4223 gerit.
1146 4131 1173 4202 E
1196 4148 1258 4202 na·

169 4338 203 4404 (l)
217 4338 333 4390 Bernini
347 4337 424 4401 brar,
440 4343 501 4392 daz.
517 4343 567 4392 des
581 4345 770 4407 Beeux-Arts‚
786 4345 846 4408 XV,
862 4345 919 4397 317.

167 4419 204 4482 (2)
221 4417 273 4482 ld„
287 4421 368 4481 told,
386 4417 446 4480 XV,
460 4419 515 4472 316.

171 4500 206 4563 (3)
223 4499 338 4549 Ber-nini
354 4499 430 4562 brar,
446 4504 507 4552 daz.
523 4504 572 4552 cies
585 4508 771 4567 beauce-Acte,
787 4505 848 4570 XV,
864 4507 919 4558 505.

1084 4589 1102 4651 6
