3160 5152
773 445 810 456 ..
834 404 872 472 ie
892 447 930 458 -

295 535 561 639 provehendam
588 547 834 620 daranciorum
863 565 1007 621 causam
1034 545 1142 640 qn'am
1169 565 1292 620 eorum
1321 544 1424 619 ratio

294 671 329 737 et
343 665 417 754 jus.

298 806 300 812 ¹
342 779 439 851 Nihil
466 779 659 852 amabilius
690 777 797 870 qnam
833 779 933 851 illius
962 779 1223 872 peregrinantis
1250 777 1424 870 epistolae
1530 776 1534 782 ’

293 895 339 967 ad
358 894 576 967 Ludovicum
599 920 608 966 ε
633 896 668 966 ln
688 897 745 968 bis
766 894 951 986 ingenium
975 895 1146 990 liberum,
1169 894 1314 974 ardens,
1337 893 1424 964 sin-

294 1012 438 1083 ceritate
453 1017 488 1082 et
503 1010 741 1082 admiratione
757 1012 918 1101 plenum,
936 1012 1087 1092 ominem
1106 1008 1231 1101 pardo]
1252 1007 1424 1081 scientiae

293 1124 415 1206 habel,
439 1122 560 1197 minda
584 1127 689 1197 etiam
711 1126 878 1204 celiniae:
903 1125 1049 1198 babitus
1072 1127 1149 1216 ejus
1176 1121 1271 1216 saepe
1289 1122 1425 1194 rudior

293 1247 360 1322 est,
381 1242 474 1334 (sese
492 1241 570 1332 ipse
586 1240 755 1334 instituit)
772 1263 780 1321 3
800 1239 892 1314 male
911 1242 1093 1332 eloquitur
1114 1249 1148 1316 el
1168 1239 1285 1314 verbis
1302 1239 1423 1310 inter·

295 1355 381 1428 ddm
416 1357 699 1430 obscurioribus.
731 1360 781 1430 lle
813 1359 869 1442 his
896 1359 1051 1449 prolecld
1085 1359 1181 1430 risus
1216 1353 1423 1447 aliquandb

295 1477 395 1544 orins
415 1477 486 1554 est,
514 1479 550 1544 et
572 1471 652 1543 ideb
676 1473 875 1563 suspiciosa
901 1475 979 1564 ejus
1009 1473 1179 1564 superbia
1203 1470 1284 1562 angi
1312 1469 1419 1540 ride·

294 1593 365 1670 tur,
398 1606 509 1677 quum
540 1585 725 1659 lastidiosd
756 1589 879 1660 stilum
913 1588 959 1660 ad
993 1589 1236 1680 perurbanum
1268 1586 1420 1658 fratrem

295 1699 534 1791 augustinum
557 1702 670 1790 rejicit
693 1699 758 1795 (l).
781 1703 850 1774 Sed
872 1704 902 1774 si
923 1705 1005 1794 quis
1024 1702 1142 1776 addire
1164 1699 1272 1774 hodi'e
1292 1699 1419 1771 subri—
1497 1789 1498 1792 Ν
1572 1664 1573 1667 Ὺ

295 1814 368 1898 det,
391 1815 486 1887 idem
506 1813 593 1888 sanb
613 1819 748 1888 secreta
765 1817 873 1890 simul
894 1819 1038 1890 caritate
1058 1820 1094 1889 in
1111 1817 1297 1912 pulchram
1313 1814 1421 1884 illam

297 1930 560 2014 sinceritatem,
582 1933 671 2006 aded
695 1933 879 2016 ardentem
907 1943 942 2007 el
960 1935 1174 2026 ingenuam,
1201 1929 1418 2022 impellitur.

346 2047 502 2119 Annibal
538 2049 729 2140 usquead
768 2057 978 2132 tremorem,
1014 2049 1222 2122 Parmensia
1258 2042 1421 2135 Corregii

297 2182 405 2254 opera
430 2163 590 2250 intuens,
618 2173 878 2246 commoratum
905 2167 942 2237 in
966 2167 1118 2257 puerilia
1143 2182 1282 2236 necnon
1304 2178 1418 2252 gene·

297 2297 378 2352 rosa
395 2279 528 2352 amoris
545 2286 581 2352 et
594 2279 843 2352 admirationis
863 2280 971 2354 verba
990 2301 1029 2354 se
1047 2279 1213 2353 effundit.
1236 2276 1421 2349 Lacrimas

297 2394 432 2485 spargit
452 2413 564 2484 quum
584 2395 713 2485 cogitat
727 2395 933 2487 Corregium
951 2395 1121 2469 miserum
1141 2397 1178 2466 in
1200 2391 1418 2473 vuilelmo,

299 2528 417 2600 neque
437 2507 598 2599 unquam
616 2508 661 2581 ab
679 2511 881 2600 aequalibus
901 2513 1120 2585 intellectum
1143 2505 1207 2604 (i).
1227 2505 1418 2580 Neminem

298 2624 373 2696 illic
391 2625 506 2697 visere
520 2625 606 2709 vult,
629 2624 692 2696 sed
710 2626 809 2698 solus
830 2645 908 2698 cum
930 2627 1125 2699 carissimis
1147 2623 1317 2716 operibus
1336 2638 1420 2690 ma-

299 2757 385 2812 nere
407 2738 472 2832 (5).
498 2739 595 2811 adeo
615 2739 752 2812 felicem
773 2760 852 2813 enm
877 2743 950 2813 illis
977 2761 1015 2814 se
1035 2739 1164 2814 sentit!
1186 2739 1275 2813 Mori
1296 2743 1421 2808 autem

299 2873 373 2926 non
400 2855 475 2926 vult
501 2853 712 2946 prinsquam
737 2857 916 2928 Titianum
939 2857 1097 2930 Venetiae
1124 2855 1255 2927 invisat
1275 2849 1338 2948 (l).
1367 2891 1423 2901 —

190 3017 191 3020 κ
300 2969 395 3040 'lalis
410 2965 516 3061 plan'e
531 2977 646 3043 exstat
662 2972 803 3061 qualem
824 2973 974 3062 requirit
988 2970 1183 3054 renovatio,
1201 2989 1224 3040 a
1240 2967 1421 3042 Ludovioo

299 3085 458 3176 incepta,
480 3085 644 3159 videlieet
668 3085 799 3159 ardens
819 3087 864 3159 ad
891 3106 1046 3179 pugnam
1069 3087 1140 3178 qud
1157 3085 1211 3156 illi
1236 3083 1423 3175 continget

330 3301 363 3365 (1)
379 3316 391 3348 o
407 3299 438 3352 Io
452 3313 510 3350 non
524 3301 561 3350 mi
575 3315 606 3350 so
621 3301 785 3364 dichiarare,
801 3303 836 3352 nd
851 3304 988 3354 lasciarmi
1004 3304 1106 3367 oapire,
1122 3317 1166 3352 ma
1180 3301 1330 3351 m'intendo
1344 3301 1422 3348 bene

300 3381 399 3430 dentro
413 3380 441 3429 di
454 3394 507 3429 me.
523 3380 659 3444 Agostino
675 3395 710 3431 ne
725 3382 806 3444 saprb
821 3385 874 3431 ben
890 3396 972 3433 caver
986 3383 1025 3434 lui
1040 3384 1067 3432 la
1082 3382 1214 3438 macchia,
1226 3394 1241 3430 e
1252 3379 1423 3429 discorrerla

300 3474 350 3523 per
364 3461 383 3508 ll
396 3473 448 3509 suo
461 3473 578 3510 verso.»
597 3461 637 3524 (28
649 3461 718 3511 avril
734 3462 802 3524 1580,
815 3467 920 3512 Lellere
936 3465 969 3512 de
980 3465 1090 3522 pittaci,
1104 3461 1125 3521 1,
1142 3476 1168 3523 p.
1182 3459 1232 3520 89.)

331 3539 366 3602 (i)
382 3554 394 3586 u
411 3539 588 3602 lmpazzisco,
603 3553 618 3589 e
635 3541 736 3604 plango
752 3541 850 3592 dentro
867 3541 895 3589 di
912 3555 955 3590 me
974 3542 1003 3590 in
1015 3554 1117 3604 pensor
1132 3541 1192 3590 solo
1209 3537 1361 3588 l'infelicitb
1373 3537 1423 3586 del

301 3621 405 3684 podere
420 3620 553 3671 Antonio.
569 3619 614 3670 Un
629 3622 653 3669 si
669 3621 763 3684 grand'
779 3636 877 3683 uomo,
893 3637 923 3672 se
936 3636 1005 3686 pure
1020 3635 1142 3681 uom0‚e
1159 3634 1216 3670 non
1229 3620 1363 3684 piuttosto
1379 3631 1423 3666 un

301 3699 408 3763 Angelo
424 3700 453 3748 in
468 3696 559 3760 carne,
574 3701 698 3762 perdersi
712 3702 760 3764 qui
775 3701 804 3750 in
818 3715 857 3750 un
871 3715 964 3765 paese,
981 3715 1033 3752 ove
1048 3715 1105 3751 non
1122 3702 1196 3750 losse
1214 3700 1387 3757 conosciuto,
1404 3712 1423 3747 e

301 3784 383 3843 posto
398 3779 460 3830 sino
474 3780 526 3829 alle
541 3781 634 3840 stelle,
651 3794 665 3829 a
681 3782 728 3843 qui
745 3781 856 3831 doversi
871 3783 973 3831 morire
987 3782 1201 3832 infelicemente.
1217 3782 1311 3842 olid„
1327 3793 1353 3842 p.
1369 3777 1423 3840 88.)

332 3859 367 3922 (3)
382 3874 395 3906 r
412 3871 498 3911 ...non
512 3858 670 3909 essendomi
685 3861 825 3910 trasferito
840 3861 887 3923 qui
906 3874 956 3924 per
970 3865 1044 3910 stare
1059 3861 1129 3910 sulla
1144 3859 1310 3918 cerimonia,
1324 3871 1339 3907 e
1352 3870 1422 3920 sug-

303 3939 421 4004 gezioni‚
437 3952 481 3987 ma
497 3944 657 4003 perpulere
672 3941 774 3990 andare
790 3955 806 3990 a
821 3941 954 4004 studiana,
970 3955 984 3990 e
1000 3941 1155 4004 disegnara.
1171 3955 1183 3986 u
1197 3938 1334 3989 Ludovlol
1349 3937 1423 3985 ami-

303 4032 353 4069 cus
368 4019 532 4068 Annibalem
547 4033 564 4068 a
578 4021 729 4070 solitudine
741 4022 865 4084 parvulae
877 4034 1012 4085 cauponae
1026 4021 1134 4084 eripere
1149 4022 1250 4076 tentat;
1266 4021 1349 4080 negat
1363 4017 1421 4077 ille,

297 4099 353 4168 ¹aad
368 4099 492 4163 periculo
509 4101 681 4151 offensionis.
696 4101 871 4152 Ludovicum
886 4105 1016 4165 precatur
1027 4114 1062 4150 ne
1076 4101 1146 4149 iram
1162 4113 1196 4148 ex
1209 4112 1242 4148 eo
1258 4095 1396 4160 concipiat
1413 4109 1421 4144 :

304 4195 317 4227 u
334 4179 364 4228 Io
379 4193 465 4242 prego
485 4179 518 4232 V.
536 4179 565 4232 S.
585 4194 642 4230 non
660 4181 687 4230 lo
703 4195 768 4230 aver
780 4195 830 4244 per
842 4183 926 4243 male,
944 4195 958 4230 e
975 4180 1110 4231 scusarmi
1125 4192 1223 4243 presso
1241 4192 1257 4226 a
1273 4177 1327 4237 lui,
1342 4188 1423 4224 come

302 4261 418 4322 pensate
433 4258 475 4308 sia
489 4259 604 4323 meglio,
617 4261 803 4310 mostrandosi
825 4262 870 4310 nel
884 4260 996 4323 partlrsi
1013 4261 1048 4309 da
1061 4274 1119 4322 me,
1142 4271 1235 4308 essere
1254 4255 1355 4306 andalo
1375 4255 1425 4305 via

304 4339 435 4402 alquanto
451 4339 615 4402 disgnstato.
631 4355 644 4387 o
661 4341 723 4402 (ld.)

336 4419 372 4483 (l)
386 4434 399 4466 u
416 4417 520 4468 Finehe
535 4430 592 4468 non
606 4419 679 4470 vado
694 4420 823 4470 eredere
838 4421 979 4470 ancorale
994 4433 1078 4483 opere
1093 4419 1122 4468 di
1134 4419 1247 4469 Tizlano
1261 4432 1276 4465 a
1289 4415 1423 4476 venezia,

305 4510 363 4552 non
377 4510 455 4546 moro
473 4501 613 4549 contento.
632 4514 644 4546 u
662 4499 724 4562 (ld.)
