3176 5152
618 425 775 484 ,15-

187 563 316 633 dvorte
341 568 459 633 autem
485 563 660 633 sinceram
690 541 948 652 liliobelangeli¹
966 561 1093 642 lidom;
1127 569 1161 634 et
1187 581 1252 654 pro
1363 608 1364 613 Ν

138 677 201 746 illo
222 676 333 746 animi
353 676 494 758 ardore,
524 696 594 766 quo
617 679 827 748 immutatur
845 677 942 766 apud
966 677 1067 747 illum
1090 677 1152 748 Dei
1174 677 1257 749 ldca

139 793 178 862 in
198 793 270 862 Ens
294 810 414 862 verum
438 811 478 861 ao
498 792 636 873 vivum,
660 794 715 862 cui
741 792 865 862 artifex
890 799 963 863 toto
988 792 1093 863 cordo
1120 790 1257 863 sincere

139 927 181 978 ac
206 911 376 998 generose
395 908 498 998 jungi
527 927 566 979 se
595 917 760 990 conatur,
789 948 836 957 -
865 927 967 979 sume
992 948 1038 960 --
1068 927 1112 979 ne
1140 908 1255 978 dicam

140 1024 246 1094 etiam
264 1021 351 1092 altam
374 1024 500 1108 virum,
523 1031 584 1094 aut
606 1025 828 1113 opinatorem
850 1013 992 1113 qualem
1015 1023 1256 1112 Primaticium

140 1139 321 1219 abbatem,
344 1179 385 1189 --
408 1139 471 1210 sed
492 1136 629 1210 modice
645 1139 864 1229 religiosum,
887 1147 921 1210 et
937 1139 1085 1211 Concilii
1107 1138 1257 1211 Triden-

141 1255 207 1325 tini
234 1255 420 1344 praeceptis
445 1247 629 1346 parentem
657 1279 666 1324 ε
696 1255 740 1324 ad
768 1255 867 1326 illius
893 1262 1047 1326 mentem
1078 1255 1166 1344 quid
1191 1255 1258 1327 erit
1365 1307 1372 1316 -

142 1367 263 1440 Deus?
283 1369 423 1440 Scilicet
447 1370 596 1440 rationis
615 1369 848 1460 principium,
872 1388 938 1440 nec
957 1370 1030 1439 ullo
1052 1369 1158 1441 modo
1178 1370 1257 1440 lons

141 1486 274 1554 amoris
294 1492 329 1554 ot
352 1485 555 1574 voluptatis.
582 1486 624 1555 Et
647 1485 698 1555 sic
716 1485 803 1555 artis
824 1485 967 1555 initium
989 1492 1023 1555 et
1043 1485 1127 1555 linis
1146 1485 1182 1554 in
1203 1504 1257 1556 sa·

141 1600 273 1689 pientis
299 1600 436 1671 ratione
459 1600 648 1671 constabit.
678 1598 812 1690 Nempe
840 1600 968 1670 rationi
992 1609 1103 1672 artem
1125 1607 1255 1687 totam,

142 1721 348 1787 —centum
369 1725 450 1806 post
466 1717 761 1814 llliclrelangelum
780 1719 887 1787 annis
905 1756 948 1766 -
969 1717 1155 1788 submittet
1174 1718 1259 1788 Pus-

143 1830 279 1913 simus,
321 1832 383 1920 qui
421 1831 605 1902 facultates
644 1851 728 1902 suas
761 1850 904 1916 omneS,
941 1851 1083 1902 omnem
1123 1833 1258 1923 ingenii

143 1947 280 2036 copiam
315 1954 350 2018 et
383 1949 530 2037 gratiam
563 1947 607 2017 ad
643 1947 678 2017 id
712 1966 822 2017 unum
857 1946 1044 2018 adhibebit
1072 1955 1111 2018 ut
1142 1945 1259 2016 ideam

142 2061 337 2154 quomdam
357 2063 533 2150 exprimat
557 2087 564 2132 :
594 2089 608 2124 r
628 2063 777 2154 Quando
798 2062 949 2151 periente
964 2071 1018 2133 est
1034 2063 1152 2155 operis
1168 2063 1259 2152 cogi·

143 2178 243 2259 tatio,
266 2178 316 2248 ait
336 2178 416 2260 ille,
439 2197 529 2267 opus
550 2175 622 2248 ier'e
643 2185 820 2268 peractum
844 2186 910 2248 est.
932 2205 946 2240 a
974 2178 1031 2248 Sic
1051 2178 1173 2249 iormae
1195 2198 1256 2249 su·

143 2292 559 2383 pereminotmoditatio.
583 2295 688 2364 Solus
709 2301 837 2383 sponte
859 2294 1140 2364 subintellectus
1160 2295 1256 2383 agit:

144 2417 283 2490 caetera,
308 2419 345 2480 ut
365 2409 563 2480 similitudo
582 2410 677 2488 vitae,
701 2410 773 2480 oris
794 2409 921 2479 ductus
943 2417 977 2480 et
996 2409 1162 2492 intentio,
1184 2408 1259 2478 dia-

145 2522 265 2596 lectice
302 2530 565 2613 computantur.
608 2524 691 2595 Idea
727 2525 927 2614 argumenti
966 2543 1028 2613 per
1067 2543 1105 2594 se
1142 2525 1260 2614 operis
1309 2578 1314 2596 ,

145 2639 440 2728 compositionem
466 2639 624 2710 indicare
651 2642 759 2731 valet,
787 2640 919 2710 tabulae
946 2647 1106 2709 centrum
1135 2647 1169 2710 et
1195 2641 1260 2711 oir-

145 2754 265 2824 culum
293 2761 476 2835 statuens,
506 2772 669 2824 necnon
698 2762 732 2824 et
763 2761 879 2824 motus
912 2761 946 2824 et
980 2755 1258 2844 symplegmate,

145 2869 324 2940 deliniens
351 2870 509 2942 indolem
538 2888 796 2961 personarum,
823 2870 969 2941 allectus
994 2868 1106 2940 animi
1128 2873 1162 2940 et
1181 2869 1259 2940 vul·
1301 2857 1303 2862 ’

145 2992 246 3058 tuum
275 2985 448 3075 speciem,
478 2984 601 3075 postea
629 2986 787 3074 corporis
814 2985 1021 3075 adspectum
1050 2981 1260 3078 (secundum

146 3099 418 3193 physionomioa
441 3100 598 3193 studia),
627 3109 791 3171 naturam
819 3101 885 3171 loci
911 3097 1030 3194 (quem
1060 3100 1110 3171 rei
1139 3119 1263 3172 conve

148 3215 287 3287 nienter
314 3217 574 3288 accommodari
608 3213 779 3309 oportet),
814 3216 971 3305 denique
1003 3223 1112 3286 totam
1144 3215 1262 3305 operis

146 3333 285 3421 pictorii
307 3331 588 3402 elaborationem
606 3330 781 3419 usquead
799 3330 966 3401 minimas
981 3338 1099 3420 partes
1116 3347 1259 3420 regens;

151 3444 295 3538 (diversi
320 3455 404 3518 sunt
429 3448 526 3518 enim
556 3445 727 3537 pingendi
756 3446 873 3527 modi,
905 3446 1039 3516 scilicet
1069 3445 1260 3536 phrygius,

146 3561 304 3642 doricus,
318 3562 500 3652 lydius...‚
516 3569 622 3652 prout
637 3560 861 3632 tractandum
875 3569 1124 3652 argumentum
1140 3579 1261 3641 suave,

147 3687 357 3768 sulgrave,
384 3685 445 3748 aut
471 3678 573 3748 triste
601 3674 692 3770 erit).
718 3717 764 3728 -
786 3678 830 3748 At
856 3679 981 3748 saltem
1008 3676 1263 3767 llicbelangelo

147 3793 319 3882 mysticus
348 3792 394 3862 ad
425 3793 582 3862 divinam
610 3793 863 3881 perlectionem
890 3792 1044 3881 impetus
1071 3791 1263 3881 ingenuam

147 3906 366 3988 libertatem,
389 3908 426 3976 in
449 3907 601 3978 lortibus
624 3907 792 3978 sensibus
813 3906 1000 3990 diffusam,
1022 3905 1262 3995 relinquebat.

149 4022 339 4093 Pussinius
370 4020 493 4108 contra
520 4022 611 4092 nibil
636 4023 674 4092 in
699 4023 812 4092 aleam
838 4024 940 4092 castis
969 4021 1147 4093 remittit:
1174 4021 1265 4093 ratio

147 4137 334 4209 constituit
360 4157 468 4227 opus,
495 4156 622 4208 manus
646 4138 807 4228 peragit
826 4136 1040 4227 Huiusmodi
1062 4137 1188 4208 artilex
1210 4138 1265 4207 in·

146 4374 264 4422 l'ordine
280 4353 325 4421 dei
340 4373 456 4421 membri
474 4385 530 4421 non
550 4371 564 4420 e
583 4375 705 4420 membro
724 4373 836 4434 alcuna,
857 4371 958 4434 perche
972 4372 1089 4421 l'ordiue
1105 4372 1119 4420 e
1134 4372 1163 4421 in
1178 4373 1243 4421 tutti
1258 4373 1267 4420 i

148 4454 280 4513 membri,
296 4457 323 4502 ot
342 4466 465 4502 nessuno
486 4455 609 4502 membro
629 4454 658 4500 in
680 4453 744 4502 tutti
766 4453 775 4500 i
797 4454 909 4501 membri
926 4453 949 4500 si
969 4453 1083 4501 ritrova.
1100 4468 1112 4498 o
1129 4453 1205 4512 (ldae
1221 4455 1265 4503 del

149 4537 266 4594 Templo
281 4537 354 4583 delta
369 4537 490 4595 Pittura,
508 4534 551 4582 ch.
568 4533 668 4593 XXVI,
685 4549 711 4596 p.
728 4533 766 4591 83,
784 4532 834 4594 84)
