3176 5152
595 447 656 494 '-
678 446 713 510 31
738 480 776 495 -

187 581 298 668 Qu'am
322 585 434 656 muita
454 591 489 657 et
507 583 661 657 efficacia
681 584 748 656 arti
767 580 876 655 xvpn
892 584 1012 657 saecuii
1031 584 1165 656 adsunt
1181 603 1255 657 mo-

136 707 277 785 menta,
311 706 351 772 ut
381 701 460 773 sino
485 702 667 772 voluntate
692 701 838 772 ductum
866 699 1058 791 sequatur!
1089 700 1257 791 Undique

138 823 328 907 praecepta,
352 817 496 907 reguis.
519 818 751 908 exemplaria,
773 817 930 888 rationes
949 824 1182 907 consurgunt.

187 930 392 1021 Antiquitas
426 930 581 1022 primurn
615 932 883 1021 copiosissimas
913 951 998 1022 opes
1029 932 1161 1022 praehet
1188 915 1196 1004 ε’
1227 932 1257 1005 si

136 1045 284 1117 Vasario
314 1047 456 1130 credaS,
480 1066 659 1119 summum
681 1048 888 1119 recentioris
908 1048 995 1119 artis
1015 1049 1156 1120 culmen
1178 1067 1256 1120 cum

136 1170 279 1251 reperto
295 1165 479 1236 Laocoone
493 1164 674 1254 competit.
699 1160 792 1234 Sane
812 1163 957 1254 quidem
980 1165 1176 1237 nonnullas
1195 1184 1259 1237 an-

137 1275 257 1366 tiquas
278 1285 415 1350 statuas
436 1282 612 1351 noverunt
638 1279 775 1369 priores
800 1280 853 1349 iiii
873 1277 1044 1359 artifices,
1067 1298 1159 1369 quos
1185 1301 1257 1353 ma·

136 1398 288 1482 qnorum
308 1393 534 1484 ingeniorum
562 1420 577 1457 ‹
599 1394 821 1484 praenuntios
843 1421 858 1457 ι
883 1395 1064 1484 appellare
1083 1396 1254 1482 solemus,

136 1533 185 1557 —-
205 1525 271 1580 nce
291 1509 419 1582 inutiie
439 1518 494 1582 est
518 1511 775 1601 sarcophagum
805 1509 959 1600 iapidem
985 1529 1005 1580 e
1031 1511 1174 1582 Nicoiao
1203 1511 1257 1582 Pi·

136 1639 227 1693 sano
244 1624 367 1695 exacta
385 1624 585 1696 imitatione
606 1623 775 1708 effictum,
794 1625 938 1716 Lysippi
957 1625 1099 1716 signum
1118 1626 1163 1698 ah
1179 1627 1259 1698 hm·

135 1736 259 1808 hrosio
300 1741 508 1812 horenzetto
545 1747 816 1824 conservatum,
860 1741 1199 1832 Hermaphroditum
1237 1761 1258 1813 a

137 1851 309 1926 Ghiherto
325 1855 557 1946 descriptum,
578 1873 788 1937 memorare,
811 1875 948 1927 necnon
974 1855 1152 1928 Donatetli
1173 1857 1255 1928 imi·

137 1968 305 2052 tationes
336 1971 568 2060 Sqoarcionis
594 1979 629 2044 et
658 1971 860 2054 Maritimae,
893 1979 927 2043 et
957 1972 1067 2043 totius
1098 1971 1258 2044 Paduani

137 2084 251 2156 coetds
276 2086 409 2157 studia.
438 2087 506 2159 Sed
532 2089 748 2178 optimorum
776 2106 943 2178 operum,
971 2088 1016 2158 ah
1044 2087 1259 2179 antiquitate

137 2196 424 2290 desumptarum,
447 2221 519 2274 non
548 2205 598 2275 ita
626 2222 788 2292 magnus,
817 2210 980 2294 vergente
1006 2204 1082 2273 XV⁰
1111 2203 1255 2285 saeculo,

137 2312 205 2384 iuit
234 2334 421 2388 uumerus,
454 2320 530 2389 Duo
562 2317 793 2389 celeberrima
823 2319 901 2389 sine
926 2317 1037 2388 dohio
1067 2325 1169 2390 erant
1197 2320 1258 2390 Se·

139 2447 271 2502 nenses
302 2415 459 2526 (Sienne)
488 2434 618 2504 Gratiae
644 2440 679 2504 ct
705 2434 831 2524 hpoiio
861 2453 904 2505 ex
936 2433 1144 2515 Beivedere;
1175 2452 1260 2524 quo-

139 2564 217 2615 rum
239 2549 405 2638 perpauci
425 2549 580 2620 artifices
599 2548 787 2638 perfectam
810 2549 973 2620 notitiam
996 2549 1165 2621 habuere.
1189 2550 1260 2623 Cae·

138 2659 253 2733 terhm
270 2664 366 2753 apud
383 2665 574 2755 pterosque
592 2684 661 2737 non
679 2666 710 2736 is
726 2673 801 2737 erat
817 2674 973 2737 veterum
996 2665 1125 2737 artium
1141 2666 1258 2738 cuitus

138 2785 178 2848 ut
203 2779 354 2869 antiqua
381 2782 599 2871 exemplaria
627 2782 833 2873 perquirere
864 2789 1035 2871 cuperent
1059 2777 1151 2875 (ride
1176 2781 1258 2852 Om-

137 2892 301 2964 hrianam
326 2894 546 2982 tactionum),
568 2904 630 2968 aut
650 2896 848 2987 intelligere
864 2898 1020 2968 vaierent
1039 2893 1130 2986 (vide
1150 2896 1255 2966 Ghir·

138 3007 344 3094 landaium,
382 3012 639 3092 Botticeiiium,
677 3011 880 3102 Philippum
918 3009 1113 3103 hippium).
1151 3010 1257 3083 Pauci

137 3122 284 3204 eruditi,
313 3121 364 3218 (ut
389 3126 583 3205 Mantinia,
615 3127 739 3197 Petrus
766 3126 859 3198 delia
887 3128 1099 3210 Francesca,
1135 3128 1255 3198 Dona-

137 3236 276 3330 teiius),
303 3240 412 3310 nimis
442 3249 544 3313 erant
573 3249 712 3313 naturae
741 3241 894 3312 studiosi
922 3249 957 3312 et
983 3241 1150 3331 praesenti
1178 3241 1258 3313 vitae

137 3352 286 3435 addicti,
309 3363 349 3427 ut
367 3355 414 3430 ah
434 3357 503 3427 ista
521 3357 821 3446 contemplatione
840 3357 1044 3447 frequenter
1064 3375 1102 3428 se
1122 3356 1259 3447 cripere

137 3476 288 3558 possent
306 3477 339 3541 et
359 3471 502 3543 veilent.

190 3586 398 3658 Donatellus
420 3587 579 3676 quidem,
600 3587 756 3659 mirahiii
776 3588 999 3671 dexteritate,
1022 3587 1258 3678 adiiigentis-

137 3701 242 3771 simis
269 3702 499 3792 antiquorum
526 3704 790 3776 imitationibus
818 3703 863 3774 ad
892 3704 1088 3775 novissima
1114 3704 1260 3773 inventa

136 3817 269 3888 transit
293 3814 442 3908 (iudith,
466 3820 726 3908 Magdaionam,
747 3821 958 3910 Zucconcm,
977 3820 1145 3890 Sanctum
1163 3818 1256 3888 Mar·

136 3927 250 4021 cum).
274 3932 447 4003 Mantinia
473 3952 577 4022 aequn
604 3933 730 4004 ardore
751 3941 889 4005 naturae
916 3935 1024 4004 simui
1045 3941 1080 4005 et
1101 3949 1258 4003 romanae

65 4055 73 4066 '
137 4046 333 4135 sculpturae
361 4046 499 4123 studct;
527 4046 663 4119 diceres
693 4048 799 4118 etiam
827 4048 1017 4137 utriusque
1041 4045 1258 4137 exemplaria

22 4199 35 4213 ·
136 4161 183 4232 ad
212 4163 288 4251 cius
318 4164 439 4234 ocutos
464 4163 600 4244 virere,
629 4163 705 4253 pari
734 4164 855 4234 anirnd
883 4163 945 4235 sed
977 4164 1048 4234 aiio
1075 4169 1257 4234 momento

135 4277 302 4369 praedita.
341 4279 507 4350 Veterum
547 4279 642 4350 enirn
682 4280 864 4351 statuariae
901 4279 1037 4370 species
1074 4277 1256 4349 hominem

136 4395 318 4485 egregium
340 4401 375 4466 et
394 4395 522 4466 natura
541 4397 828 4487 prestantiorem
848 4402 1063 4467 monstrant.
1087 4392 1258 4464 ‹iudica-

134 4510 198 4582 hat
217 4510 393 4583 Mantinia
416 4509 478 4604 (ait
497 4509 696 4604 Vesanus),
726 4513 928 4603 sculpturas
956 4510 1124 4601 antiquas
1151 4507 1259 4582 nohis
