3176 5152
800 491 958 554 ...44-

323 633 452 726 gaudie
477 629 596 724 potibs
627 630 834 704 babendum
855 641 928 713 est,
958 635 1129 723 quoniam
1158 633 1237 714 ille,
1271 649 1378 704 senex
1403 636 1444 704 et

231 840 234 846 ι
322 749 435 846 gloria
452 749 524 838 iam
547 747 648 837 parta
666 747 888 827 cumulatus,
912 755 1045 818 tantam
1067 749 1177 819 animi
1202 747 1442 839 perturbatio·

323 883 405 936 nem
434 883 475 936 er
505 881 622 934 rerum
650 881 878 933 romanarum
900 872 1061 936 contactu
1088 865 1235 956 accepit.
1268 862 1439 948 Quaedam

323 979 461 1050 dretiui
484 978 635 1070 epistola
659 977 765 1050 refert
788 979 957 1068 pictorem
980 978 1141 1052 doluisse
1166 979 1261 1071 qubd
1283 997 1353 1048 non
1381 997 1439 1049 vo-

324 1093 418 1165 nerit
435 1093 556 1182 viginti
577 1093 683 1162 erinis
704 1094 803 1182 prius
823 1091 888 1184 (1).
908 1092 1159 1184 Intempestive
1177 1093 1336 1184 quidem,
1356 1111 1439 1163 nam

323 1207 398 1280 illic
418 1207 572 1298 proiecto
593 1207 787 1298 ingenuum
809 1209 1038 1299 pulchrarum
1065 1210 1257 1281 termarum
1281 1227 1440 1280 amorem

324 1325 553 1415 corrupisset,
577 1330 611 1394 et
628 1323 881 1409 sinceritatem,
908 1326 1121 1397 scholastica
1140 1325 1341 1397 eruditione
1361 1324 1442 1395 des-

324 1439 483 1521 titutam,
503 1456 583 1527 quae
603 1437 640 1506 in
662 1437 723 1508 illo
746 1439 837 1508 11111ο
858 1441 1002 1517 saeculo.
1033 1441 1146 1510 rarior
1165 1446 1200 1511 et
1224 1438 1326 1529 quasi
1348 1455 1441 1508 noro

324 1571 451 1643 sapore
473 1553 634 1643 persulsa
659 1552 809 1624 videtur.
841 1554 946 1625 Plura
973 1555 1009 1623 in
1038 1555 1115 1643 eius
1136 1553 1441 1626 delineationibus

324 1668 408 1740 vitia
429 1677 552 1740 notare
574 1676 608 1740 et
636 1669 896 1757 reprehendere
926 1669 1050 1741 merito
1076 1670 1354 1758 ldicbelangelus
1375 1686 1440 1758 pe·

324 1784 412 1864 tuit;
436 1783 503 1856 sed·
520 1783 682 1854 Titianus
709 1784 799 1856 altrei
824 1785 961 1855 ratione
982 1784 1168 1875 perfectior
1192 1785 1270 1875 ipso
1298 1783 1443 1856 111111111-

324 1901 450 1989 angelo
468 1907 540 1978 est,
569 1898 765 2000 praesertim
791 1898 906 1970 vivido
927 1906 962 1970 et
982 1908 1151 1990 tanquam
1173 1899 1358 1970 luxuriose
1379 1917 1443 1968 na·

325 2022 414 2086 turae
429 2014 562 2094 studio,
577 2033 648 2104 quo
665 2033 813 2086 unusex
828 2016 952 2104 primis
968 2018 1125 2086 colurum
1140 2014 1440 2098 moderatoribus,

326 2138 361 2202 et
380 2131 517 2220 primus
539 2126 732 2201 admodbm
756 2148 797 2201 ex
820 2131 912 2201 ruris
934 2131 1176 2203 imitatoribus
1198 2139 1356 2221 tempore
1377 2148 1444 2200 suo

327 2246 444 2318 evadit
464 2243 528 2340 (2).

360 2518 704 2567 Debuit-consuetudinem
720 2533 781 2567 cunr
796 2517 1003 2582 llichelangelo,
1016 2522 1050 2568 ab
1064 2533 1136 2568 anno
1150 2519 1216 2576 itte,
1231 2518 1367 2574 Veneriis,
1379 2519 1446 2580 jun-

330 2611 403 2660 gere,
425 2613 508 2660 qnum
530 2599 626 2660 procul
647 2613 662 2646 a
681 2598 821 2647 Florentia
843 2601 934 2660 lugam
954 2600 1045 2662 coepit.
1067 2599 1133 2648 Post
1152 2599 1224 2646 hunc
1245 2600 1317 2646 enim
1333 2611 1446 2656 annum,

328 2691 431 2726 novum
448 2679 548 2738 metris,
565 2684 591 2725 ot
607 2678 731 2726 seientiae
747 2679 924 2738 anatomicae,
940 2683 967 2726 et
982 2679 1193 2740 compositionis
1209 2676 1283 2726 recte
1299 2678 1448 2738 ordinatae,

330 2757 499 2805 desiderium
520 2762 662 2805 monstrat.
682 2757 736 2819 (Eo
756 2763 880 2820 temporo
896 2759 1079 2825 compositum
1100 2765 1142 2806 cst
1165 2773 1176 2804 u
1197 2762 1225 2807 s.
1246 2760 1320 2806 Petri
1338 2761 1446 2816 marty-

330 2838 417 2884 rium.
435 2837 458 2899 u)

360 2915 394 2977 (l)
407 2915 440 2964 V.
459 2917 583 2971 Aretino,
600 2919 714 2977 Letlere,
731 2916 798 2973 1609,
815 2917 862 2977 Ili,
879 2917 959 2966 tau-7.

362 2995 394 3042 V.
412 2995 502 3043 adhuc
518 2995 639 3053 Bottari‚
656 2995 688 3053 V,
705 2995 734 3044 53
751 3009 756 3044 :
776 3012 788 3042 u
804 2996 915 3044 Memini
932 3010 975 3044 me
990 3011 1006 3044 a
1021 2996 1130 3045 Titiano
1149 2997 1245 3044 audire
1261 2997 1352 3053 illum,
1369 2999 1447 3057 post·

331 3075 413 3136 quarn
426 3074 541 3123 Romam
557 3075 688 3131 venisset,
706 3077 835 3136 majorem
851 3077 1050 3138 perlectionem
1066 3077 1197 3138 operibus
1212 3075 1367 3136 addidisse,
1382 3076 1449 3136 quia

330 3155 436 3212 revera,
453 3169 502 3203 seu
518 3156 713 3204 delineationis
728 3157 851 3218 uigorem
867 3169 915 3205 sou
932 3158 1055 3205 colorum
1072 3157 1197 3205 ardorem
1212 3171 1260 3205 seu
1277 3155 1448 3204 inventionis

331 3233 566 3295 pulchritudinem
587 3249 636 3283 seu
656 3229 819 3283 imitationis
839 3235 1025 3298 diligentiam,
1042 3236 1101 3284 haec
1121 3236 1213 3283 ornnia
1234 3235 1289 3282 illic
1309 3234 1336 3281 in
1355 3235 1448 3282 excel-

331 3313 398 3362 lenti
426 3317 453 3361 et
477 3314 616 3376 exquisita
637 3315 730 3376 specie
749 3315 885 3364 invenias.
911 3331 922 3361 u
948 3314 990 3375 (G.
1013 3314 1043 3365 B.
1068 3314 1156 3364 Leoni
1176 3314 1192 3361 a
1211 3314 1448 3373 Montemezzane,

331 3391 346 3441 6
359 3397 456 3454 agusto
469 3392 548 3454 1589.)

363 3470 489 3520 Titianus
504 3476 609 3534 septum
625 3478 672 3521 aut
692 3479 754 3523 octo
770 3487 879 3522 mensos
895 3474 998 3522 Rornae
1013 3472 1172 3521 demoratus
1187 3477 1243 3533 est,
1259 3476 1286 3520 et
1302 3485 1375 3520 anno
1390 3470 1451 3520 1516

331 3549 437 3612 (idibus
450 3549 555 3608 Martis)
572 3553 661 3602 factus
679 3559 720 3601 est
734 3554 802 3602 civis
818 3553 968 3602 Romanus.
987 3553 1018 3602 V.
1035 3553 1205 3612 Lafenestre‚
1221 3555 1322 3601 Tition.

363 3629 397 3691 (2)
417 3628 479 3678 Una
500 3634 606 3679 tantum
625 3631 726 3680 Titiani
746 3634 855 3694 tabula,
874 3634 946 3680 ruris
963 3637 1140 3694 prospectum
1158 3633 1295 3688 referenS,
1311 3633 1450 3693 superest,

332 3709 439 3758 scilicet
463 3714 624 3770 Tempestas
648 3713 993 3776 <buchingham-Palacel;
1016 3714 1118 3762 scimus
1143 3718 1235 3761 autom
1256 3712 1334 3759 illum
1356 3710 1452 3772 plures

333 3789 457 3860 pinxisse
473 3793 499 3838 et
520 3790 725 3852 celeberrimas,
748 3793 776 3840 in
796 3793 896 3855 quibus
916 3792 1013 3854 figurae
1033 3793 1186 3840 secundum
1206 3793 1297 3841 locum
1313 3790 1453 3839 obtinent.

333 3867 428 3918 Multae
442 3881 475 3918 ex
492 3871 526 3918 iis
540 3872 687 3933 scalpturae
699 3877 725 3919 et
739 3871 939 3921 delineationes
950 3873 1031 3920 lactae
1042 3876 1116 3928 sunt,
1129 3884 1191 3933 quae
1202 3871 1292 3919 adlrbe
1303 3873 1453 3918 servantur

274 3936 277 3942 ’
333 3947 468 4012 (Louvre,
487 3949 603 4010 Dresde,
624 3955 686 4010 etc.)
706 3952 817 4010 seilicet·
828 3952 890 4013 pagi
907 3952 935 3998 in
952 3953 1108 4009 montibus,
1126 3953 1258 4013 elpestres
1274 3954 1452 4012 prospectus,

334 4041 486 4088 messoreS,
508 4036 633 4092 pastores
653 4045 714 4080 cum
736 4031 849 4089 ovibus,
867 4031 974 4079 arboris
992 4030 1166 4078 adumbratio
1181 4031 1210 4078 in
1230 4029 1345 4079 Lillensi
1362 4029 1455 4090 (Lille)

334 4121 453 4168 musaeo,
474 4113 525 4160 etc.
550 4109 657 4168 Quibus
678 4110 798 4159 addendi
818 4115 883 4160 sunt
902 4115 1025 4173 agrestes
1045 4115 1193 4173 apparatus
1213 4111 1315 4172 quibus
1331 4110 1454 4158 circum-

334 4187 435 4236 dantur
451 4191 573 4238 actiones
589 4191 618 4238 in
631 4192 731 4241 tabulis
745 4193 803 4254 ejus
819 4191 933 4241 effictae.

366 4268 524 4332 Ridulphus
547 4271 668 4332 (Ridolfi)
690 4277 823 4320 memorat
843 4286 969 4335 campum
991 4285 1053 4320 cum
1074 4272 1208 4320 militibus
1229 4276 1256 4320 et
1275 4270 1454 4328 animalibus

335 4362 416 4411 quom
432 4350 529 4397 habuit
544 4350 646 4399 Paulus
666 4351 699 4399 de
723 4351 799 4402 Sera.
819 4379 849 4387 -
870 4369 882 4398 u
901 4352 977 4400 lnler
996 4365 1106 4413 omnes,
1129 4352 1167 4399 ait
1188 4351 1345 4411 Lomatius,
1362 4355 1393 4398 ut
1412 4351 1456 4399 sol

335 4429 408 4476 inter
426 4429 552 4477 minimas
573 4432 680 4492 stellas,
699 4431 826 4494 splendet
845 4432 986 4491 Titianus,
1006 4445 1062 4478 non
1083 4432 1170 4479 solium
1187 4431 1259 4478 inter
1274 4429 1387 4478 Italicos
1404 4429 1456 4477 sed

336 4508 408 4556 intur
424 4523 519 4557 omnes
540 4511 614 4560 orbis
636 4512 771 4573 pictores,
786 4513 816 4560 in
833 4513 905 4560 ruris
923 4512 1118 4574 prospectibus
1135 4525 1192 4560 non
1212 4511 1302 4558 ndnlrs
1323 4509 1407 4571 quiam
1426 4509 1458 4558 in

337 4588 448 4654 figuris,
468 4589 558 4653 Apelli
577 4603 628 4655 par
646 4591 694 4657 qui
713 4591 766 4640 luit
783 4592 888 4656 primus
907 4593 1037 4642 inventor
1056 4595 1264 4656 tempestatum,
1285 4589 1458 4654 pluviarum,
